OBJECTID_12,OBJECTID_1,STATEFP,COUNTYFP,TRACTCE,GEOID,NAME,NAMELSAD,MTFCC,FUNCSTAT,ALAND,AWATER,INTPTLAT,INTPTLON,GEOCODE,COUNTY,NAME_1,LABEL,LOGRECNO,POP20,HHPOP20,GQPOP20,IGQPOP20,NGQPOP20,P20_LT18,P20_GE18,POPDENS20,HU20,HU_OCC20,HU_VAC20,PPH20,NH_NAT20,NH_ASN20,NH_BLK20,NH_PAC20,NH_OTH20,NH_WHT20,NH_MULT20,HISP20,H_NAT20,H_ASN20,H_BLK20,H_PAC20,H_OTH20,H_WHT20,H_MULT20,NAT_AOIC20,ASN_AOIC20,BLK_AOIC20,PAC_AOIC20,OTH_AOIC20,WHT_AOIC20,NH18NAT20,NH18ASN20,NH18BLK20,NH18PAC20,NH18OTH20,NH18WHT20,NH18MULT20,HISP18,H18NAT20,H18ASN20,H18BLK20,H18PAC20,H18OTH20,H18WHT20,H18MULT20,IGQ_COR20,IGQ_JUV20,IGQ_NURS20,IGQ_OTH20,NGQ_COLL20,NGQ_MIL20,NGQOTH20,AREALAND20,AREAWATR20,ObjectID,Shape_Leng,Shape__Area,Shape__Length
1,1,41,019,100000,41019100000,1000,Census Tract 1000,G5020,S,2972506997,16731802,+43.3251132,-122.5428476,41019100000,Douglas County,Census Tract 1000,1000,483,3103,3101,2,0,2,558,2545,2.7,1484,1292,192,2.4,48,14,6,2,16,2570,302,145,6,3,0,0,22,50,64,171,37,26,9,267,2973,37,12,6,2,16,2137,229,106,6,3,0,0,15,46,36,0,0,0,0,0,0,2,2972506997,16731802,234,4.68174240346,5646607046.57813,588512.005211066
2,2,41,053,020306,41053020306,203.06,Census Tract 203.06,G5020,S,220829030,1880612,+44.7954486,-123.2452024,41053020306,Polk County,Census Tract 203.06,203.06,1045,1988,1988,0,0,0,386,1602,23.32,781,738,43,2.69,14,15,0,0,10,1669,94,186,7,1,0,0,97,23,58,71,37,17,2,187,1839,14,14,0,0,10,1366,74,124,3,1,0,0,69,17,34,0,0,0,0,0,0,0,220829030,1880612,796,0.839772039601,442145154.359375,106722.937243093
3,3,41,053,005204,41053005204,52.04,Census Tract 52.04,G5020,S,4002467,570220,+44.9346768,-123.0939034,41053005204,Polk County,Census Tract 52.04,52.04,1034,3813,3806,7,0,7,867,2946,2467.38,1660,1535,125,2.48,49,133,55,21,16,2808,211,520,17,0,5,0,151,136,211,171,214,114,46,394,3347,32,103,40,21,12,2289,128,321,12,0,1,0,110,89,109,0,0,0,0,0,0,7,4002467,570220,785,0.163728491036,9125059.3515625,19731.5236353018
4,4,41,019,180000,41019180000,1800,Census Tract 1800,G5020,S,349582103,20841,+43.0975607,-123.1538710,41019180000,Douglas County,Census Tract 1800,1800,495,4730,4730,0,0,0,937,3793,35.04,2062,1895,167,2.5,100,43,9,8,13,3951,358,248,15,4,1,0,29,110,89,370,84,44,22,182,4502,71,40,7,8,11,3252,244,160,11,2,0,0,26,69,52,0,0,0,0,0,0,0,349582103,20841,246,1.39092374847,655900447.234375,175439.386873019
5,5,41,019,200000,41019200000,2000,Census Tract 2000,G5020,S,244952194,240125,+42.9293427,-123.3683694,41019200000,Douglas County,Census Tract 2000,2000,497,4902,4758,144,0,144,920,3982,51.83,2221,2011,210,2.37,126,92,26,4,32,4101,246,275,11,0,0,0,76,126,62,321,115,55,7,196,4530,97,70,25,3,28,3391,188,180,10,0,0,0,60,70,40,0,0,0,0,0,0,144,244952194,240125,248,1.14553094535,457474843.71875,147171.886175425
6,6,41,019,020000,41019020000,200,Census Tract 200,G5020,S,559112484,17405500,+43.5257611,-123.7368589,41019020000,Douglas County,Census Tract 200,200,471,3970,3937,33,14,19,727,3243,18.39,2081,1747,334,2.25,38,41,4,11,39,3385,221,231,3,4,0,0,51,86,87,188,77,28,36,204,3774,37,31,4,5,21,2845,149,151,3,4,0,0,40,53,51,0,0,14,0,0,19,0,559112484,17405500,222,1.97068449131,1099692488.94531,248103.344702614
7,7,41,019,070000,41019070000,700,Census Tract 700,G5020,S,743598488,2327428,+43.3144075,-123.6519105,41019070000,Douglas County,Census Tract 700,700,478,5550,5531,19,11,8,886,4664,19.33,2287,2167,120,2.55,49,47,22,10,26,4835,325,236,10,0,0,0,31,79,116,264,104,50,23,231,5339,46,47,14,10,19,4111,248,169,10,0,0,0,26,40,93,0,11,0,0,0,0,8,743598488,2327428,229,1.68935884641,1409247729.35938,218795.259920749
8,8,41,053,005301,41053005301,53.01,Census Tract 53.01,G5020,S,34267639,594638,+44.9537298,-123.1414452,41053005301,Polk County,Census Tract 53.01,53.01,1037,8524,8482,42,42,0,1849,6675,644.25,3256,3148,108,2.69,56,260,59,41,52,6666,488,902,20,8,8,1,217,254,394,285,433,150,83,734,7769,47,212,41,29,38,5409,311,588,20,2,8,1,158,141,258,0,0,42,0,0,0,0,34267639,594638,788,0.467557856018,69651299.984375,61531.6220292802
9,9,41,053,020305,41053020305,203.05,Census Tract 203.05,G5020,S,9899309,224301,+44.8464734,-123.1945353,41053020305,Polk County,Census Tract 203.05,203.05,1044,8792,8746,46,33,13,2457,6335,2300.28,2985,2892,93,3.02,55,65,52,26,22,4819,506,3247,88,6,13,6,1578,766,790,471,176,141,73,2458,6841,47,52,49,16,22,3804,341,2004,54,2,5,6,1015,416,506,0,0,33,0,0,0,13,9899309,224301,795,0.176683937194,20140631.3046875,24060.1382623559
10,10,41,053,005302,41053005302,53.02,Census Tract 53.02,G5020,S,142462626,1259517,+44.9910324,-123.1598274,41053005302,Polk County,Census Tract 53.02,53.02,1038,2109,2109,0,0,0,417,1692,38.34,840,784,56,2.69,17,35,1,1,24,1729,127,175,3,3,0,0,74,43,52,78,66,11,8,192,1947,11,27,0,1,13,1443,98,99,0,0,0,0,43,26,30,0,0,0,0,0,0,0,142462626,1259517,789,0.831335675796,287362873.367188,110545.644599242
11,11,41,053,005205,41053005205,52.05,Census Tract 52.05,G5020,S,4451705,0,+44.9597124,-123.0676660,41053005205,Polk County,Census Tract 52.05,52.05,1035,8747,8691,56,0,56,2116,6631,5088.98,3433,3235,198,2.69,76,304,79,52,51,6491,549,1145,28,13,0,4,358,331,411,364,495,179,112,903,7753,55,235,51,27,42,5174,338,709,15,10,0,1,256,179,248,0,0,0,0,0,0,56,4451705,0,786,0.094154706491,8891089.4765625,12204.7122225396
12,12,41,053,005203,41053005203,52.03,Census Tract 52.03,G5020,S,2780060,0,+44.9460504,-123.0767740,41053005203,Polk County,Census Tract 52.03,52.03,1033,6406,6389,17,11,6,1619,4787,5968.02,2339,2263,76,2.82,49,234,115,30,26,4695,406,851,21,8,4,0,182,249,387,264,375,216,61,625,5710,30,182,83,12,15,3636,265,564,19,4,4,0,129,155,253,0,11,0,0,0,0,6,2780060,0,784,0.116854054802,5549802.4296875,14181.8389408891
13,13,41,053,005206,41053005206,52.06,Census Tract 52.06,G5020,S,3609686,246876,+44.9685029,-123.0431689,41053005206,Polk County,Census Tract 52.06,52.06,1036,2629,2455,174,0,174,548,2081,1886.34,1184,1137,47,2.16,43,66,63,32,9,1628,162,626,20,10,2,0,220,162,212,189,131,108,45,427,2145,30,54,41,25,5,1406,109,411,15,8,0,0,156,106,126,0,0,0,0,0,0,174,3609686,246876,787,0.0976447428337,7703217.7578125,13839.5254236951
14,14,41,005,022708,41005022708,227.08,Census Tract 227.08,G5020,S,30661916,748690,+45.2975949,-122.8361230,41005022708,Clackamas County,Census Tract 227.08,227.08,333,4281,4281,0,0,0,1025,3256,361.61,1604,1555,49,2.75,25,102,59,16,24,2987,238,830,28,5,0,0,412,155,230,160,193,103,37,709,3600,21,80,47,9,14,2429,145,511,20,5,0,0,262,87,137,0,0,0,0,0,0,0,30661916,748690,84,0.332823112453,63473975.640625,43399.0073718318
15,15,41,005,022302,41005022302,223.02,Census Tract 223.02,G5020,S,18529688,25698,+45.3449818,-122.5531906,41005022302,Clackamas County,Census Tract 223.02,223.02,323,6072,6060,12,1,11,1265,4807,848.71,2297,2215,82,2.74,53,138,53,9,34,4991,319,475,21,10,1,0,143,117,183,223,237,101,43,398,5598,43,123,35,9,24,4064,217,292,16,2,0,0,92,77,105,0,0,1,0,0,0,11,18529688,25698,74,0.257217858541,37568324.4375,32368.6218767358
16,16,41,005,022606,41005022606,226.06,Census Tract 226.06,G5020,S,5342813,0,+45.3211822,-122.6146646,41005022606,Clackamas County,Census Tract 226.06,226.06,330,6010,5991,19,4,15,1537,4473,2913.41,2161,2104,57,2.85,35,164,35,16,39,4974,348,399,12,0,0,3,77,116,191,202,262,96,51,349,5621,29,132,23,6,26,3805,190,262,12,0,0,0,64,66,120,0,0,0,4,0,0,15,5342813,0,81,0.132739793112,10806091.890625,17582.273460989
17,17,41,005,022707,41005022707,227.07,Census Tract 227.07,G5020,S,17196176,5289,+45.3228412,-122.8006574,41005022707,Clackamas County,Census Tract 227.07,227.07,332,8186,8167,19,0,19,2095,6091,1232.93,3293,3169,124,2.58,33,508,97,14,37,6190,501,806,21,7,7,0,253,200,318,202,767,202,62,676,7179,27,386,73,11,25,4777,266,526,12,7,7,0,173,125,202,0,0,0,0,0,0,19,17196176,5289,83,0.260894181469,34794526.65625,33582.2410894438
18,18,41,005,022907,41005022907,229.07,Census Tract 229.07,G5020,S,1534104,0,+45.2593250,-122.6821519,41005022907,Clackamas County,Census Tract 229.07,229.07,340,4144,4144,0,0,0,1165,2979,6996.21,1444,1405,39,2.95,26,38,30,6,15,2334,223,1472,30,6,1,0,701,177,557,156,102,63,28,1334,3272,12,32,17,6,7,1853,132,920,18,5,1,0,450,100,346,0,0,0,0,0,0,0,1534104,0,91,0.0599002297715,3096070.2109375,7784.24267754185
19,19,41,005,023002,41005023002,230.02,Census Tract 230.02,G5020,S,48974828,51598,+45.2773876,-122.5583213,41005023002,Clackamas County,Census Tract 230.02,230.02,342,3770,3710,60,20,40,749,3021,199.37,1450,1394,56,2.66,12,43,17,2,32,3197,195,272,4,0,0,3,76,80,109,126,75,37,14,270,3578,10,37,12,2,20,2637,135,168,0,0,0,3,49,52,64,0,11,0,9,0,0,40,48974828,51598,93,0.484899142704,99014108.921875,60444.9651629322
20,20,41,005,023001,41005023001,230.01,Census Tract 230.01,G5020,S,24784626,87710,+45.3065155,-122.5180806,41005023001,Clackamas County,Census Tract 230.01,230.01,341,3555,3555,0,0,0,679,2876,371.5,1311,1286,25,2.76,25,49,21,0,12,3105,176,167,8,0,1,0,48,35,75,123,93,40,12,175,3381,25,40,17,0,1,2554,115,124,7,0,0,0,37,22,58,0,0,0,0,0,0,0,24784626,87710,92,0.316006572214,50278763.5625,39480.6244069722
21,21,41,005,020303,41005020303,203.03,Census Tract 203.03,G5020,S,2097442,0,+45.4260425,-122.7163408,41005020303,Clackamas County,Census Tract 203.03,203.03,283,5388,5152,236,236,0,1012,4376,6653.27,2430,2300,130,2.24,12,528,65,12,32,3996,370,373,14,2,5,0,49,92,211,117,736,153,41,323,4652,8,399,54,12,22,3409,208,264,13,0,5,0,40,69,137,0,0,236,0,0,0,0,2097442,0,34,0.0668890682893,4257836.4921875,8881.80867807669
22,22,41,005,020304,41005020304,203.04,Census Tract 203.04,G5020,S,2433046,1260,+45.4253875,-122.7388948,41005020304,Clackamas County,Census Tract 203.04,203.04,284,5755,5755,0,0,0,1459,4296,6126.22,2275,2197,78,2.62,6,995,50,7,42,3947,353,355,9,10,6,0,74,86,170,91,1227,110,28,318,4546,6,693,41,7,30,3127,173,219,9,3,4,0,46,57,100,0,0,0,0,0,0,0,2433046,1260,35,0.0703201621706,4941655.7734375,9120.94465536491
23,23,41,005,020401,41005020401,204.01,Census Tract 204.01,G5020,S,4025098,42715,+45.3932368,-122.7296011,41005020401,Clackamas County,Census Tract 204.01,204.01,285,5632,5603,29,15,14,1326,4306,3623.96,2296,2183,113,2.57,13,329,35,4,29,4450,409,363,5,10,4,0,77,70,197,105,544,113,26,385,5109,13,256,28,4,28,3548,204,225,2,0,2,0,56,45,120,0,0,15,0,0,0,14,4025098,42715,36,0.101736508191,8248359.8359375,13611.0131376181
24,24,41,005,020800,41005020800,208,Census Tract 208,G5020,S,3980174,336532,+45.4475739,-122.6392020,41005020800,Clackamas County,Census Tract 208,208,296,4355,4327,28,1,27,673,3682,2833.9,2319,2128,191,2.03,32,99,78,10,19,3503,279,335,18,2,5,1,83,95,131,190,191,137,28,264,3980,28,90,59,6,11,3070,180,238,14,2,5,1,65,68,83,0,0,0,1,0,0,27,3980174,336532,47,0.112931803949,8769822.5546875,14931.5537913868
25,25,41,005,022208,41005022208,222.08,Census Tract 222.08,G5020,S,11410799,0,+45.4468865,-122.5072216,41005022208,Clackamas County,Census Tract 222.08,222.08,321,9406,9376,30,0,30,2695,6711,2134.94,3102,2979,123,3.15,33,1905,181,13,52,6033,566,623,9,8,12,0,142,163,289,205,2223,295,71,538,7009,18,1373,133,7,39,4468,294,379,4,4,0,0,108,97,166,0,0,0,0,0,0,30,11410799,0,72,0.186988833968,23181039.234375,24084.6156530698
26,26,41,005,022301,41005022301,223.01,Census Tract 223.01,G5020,S,18827897,762779,+45.3847428,-122.5453333,41005022301,Clackamas County,Census Tract 223.01,223.01,322,4953,4930,23,0,23,1072,3881,681.34,1936,1856,80,2.66,27,91,51,18,26,4081,268,391,12,0,0,0,108,123,148,188,170,98,42,310,4600,23,67,41,5,19,3304,180,242,5,0,0,0,67,72,98,0,0,0,0,0,0,23,18827897,762779,73,0.298128463359,39708105.921875,37837.6329911525
27,27,41,005,021300,41005021300,213,Census Tract 213,G5020,S,3408283,209415,+45.4126599,-122.6441273,41005021300,Clackamas County,Census Tract 213,213,301,6128,6077,51,13,38,1129,4999,4656.73,2532,2464,68,2.47,32,126,79,14,26,4731,440,680,33,2,1,2,204,169,269,256,267,160,54,569,5576,30,110,58,14,19,4006,304,458,22,1,1,2,140,113,179,0,13,0,0,0,0,38,3408283,209415,52,0.0869923881898,7340883.359375,11237.8241997149
28,28,41,005,021900,41005021900,219,Census Tract 219,G5020,S,1537947,0,+45.3840971,-122.6024259,41005021900,Clackamas County,Census Tract 219,219,309,3463,3452,11,0,11,703,2760,5831.88,1483,1413,70,2.44,22,45,44,14,17,2638,277,406,14,0,8,1,135,109,139,160,119,123,36,334,3151,18,45,30,9,13,2209,179,257,3,0,0,0,97,65,92,0,0,0,0,0,0,11,1537947,0,60,0.0607522170106,3117444.21875,8317.57063436359
29,29,41,029,000201,41029000201,2.01,Census Tract 2.01,G5020,S,1343171,0,+42.3273055,-122.8813263,41029000201,Jackson County,Census Tract 2.01,2.01,514,3765,3493,272,250,22,902,2863,7259.91,1480,1401,79,2.49,44,34,70,19,17,2328,263,990,19,2,12,0,372,196,389,241,88,149,30,799,3160,33,29,56,10,11,1900,189,635,13,2,8,0,242,123,247,228,22,0,0,0,0,22,1343171,0,265,0.088095195291,2458978.8046875,11264.4311828821
30,30,41,029,000202,41029000202,2.02,Census Tract 2.02,G5020,S,1033559,0,+42.3231895,-122.8863034,41029000202,Jackson County,Census Tract 2.02,2.02,515,3810,3753,57,6,51,935,2875,9547.45,1498,1439,59,2.61,36,20,63,19,17,2337,218,1100,26,0,2,3,520,209,340,210,64,121,35,875,3093,32,20,47,19,14,1877,141,725,13,0,0,3,363,118,228,6,0,0,0,0,0,51,1033559,0,266,0.0538526665498,1891916.9765625,6838.30326730149
31,31,41,029,000203,41029000203,2.03,Census Tract 2.03,G5020,S,1419295,0,+42.3156570,-122.8819249,41029000203,Jackson County,Census Tract 2.03,2.03,516,4101,4083,18,0,18,1041,3060,7483.67,1563,1503,60,2.72,47,13,50,7,10,2697,253,1024,40,0,7,4,382,238,353,252,60,98,32,780,3520,27,13,31,3,2,2142,192,650,28,0,0,4,264,138,216,0,0,0,0,0,0,18,1419295,0,267,0.0780408675312,2597380.15625,9554.41934160702
32,32,41,029,000300,41029000300,3,Census Tract 3,G5020,S,4058330,40123,+42.3516035,-122.8890359,41029000300,Jackson County,Census Tract 3,3,517,6076,5938,138,0,138,1520,4556,3877.65,2469,2385,84,2.49,71,88,46,65,35,3770,411,1590,56,0,3,7,657,407,460,399,166,131,100,1197,5018,52,77,32,51,24,3048,298,974,38,0,0,1,434,229,272,0,0,0,0,0,0,138,4058330,40123,268,0.112003248884,7508844.6953125,14680.6320183891
33,33,41,011,000502,41011000502,5.02,Census Tract 5.02,G5020,S,152549783,40093978,+43.3060182,-124.3333724,41011000502,Coos County,Census Tract 5.02,5.02,395,2977,2876,101,0,101,433,2544,50.54,1444,1202,242,2.39,71,36,15,2,28,2383,238,204,6,0,2,0,71,63,62,250,56,32,22,195,2736,63,35,7,0,22,2095,185,137,6,0,0,0,55,42,34,0,0,0,0,82,11,8,152549783,40093978,146,0.871139913401,363967127.765625,116576.283980639
34,34,41,011,000600,41011000600,6,Census Tract 6,G5020,S,7149404,196334,+43.3694320,-124.2440574,41011000600,Coos County,Census Tract 6,6,399,2670,2607,63,47,16,533,2137,967.25,1223,1122,101,2.32,39,38,13,10,17,2174,192,187,16,2,0,0,40,53,76,164,90,34,35,152,2488,35,30,13,6,10,1803,132,108,8,2,0,0,23,25,50,0,0,47,0,0,0,16,7149404,196334,150,0.156772998584,13905467.8828125,20632.1650252221
35,35,41,011,000800,41011000800,8,Census Tract 8,G5020,S,28144123,1799428,+43.3265541,-124.1804271,41011000800,Coos County,Census Tract 8,8,402,3067,3067,0,0,0,596,2471,282.24,1353,1228,125,2.5,61,25,2,2,7,2580,219,171,0,3,1,0,40,48,79,214,62,17,14,160,2918,50,23,2,2,7,2114,148,125,0,3,1,0,30,28,63,0,0,0,0,0,0,0,28144123,1799428,153,0.350894983305,56604651.4140625,45792.6834427156
36,36,41,011,000200,41011000200,2,Census Tract 2,G5020,S,967955548,15981390,+43.3626548,-123.9659105,41011000200,Coos County,Census Tract 2,2,391,2433,2433,0,0,0,378,2055,6.51,1148,1031,117,2.36,48,19,9,7,6,2139,155,50,0,0,0,0,10,23,17,156,33,28,19,52,2328,41,17,9,2,0,1830,119,37,0,0,0,0,7,15,15,0,0,0,0,0,0,0,967955548,15981390,142,1.82326514597,1863757799.90625,238718.213073942
37,37,41,011,000300,41011000300,3,Census Tract 3,G5020,S,3139078,259831,+43.3987805,-124.2266950,41011000300,Coos County,Census Tract 3,3,392,3406,3381,25,0,25,674,2732,2810.22,1630,1493,137,2.26,69,46,24,4,24,2715,259,265,5,3,0,0,78,93,86,234,106,77,23,195,3141,44,36,24,4,22,2241,174,187,4,3,0,0,56,68,56,0,0,0,0,0,0,25,3139078,259831,143,0.0877269038172,6440492.3203125,11677.4564021372
38,38,41,029,002600,41029002600,26,Census Tract 26,G5020,S,2001500420,17903058,+42.6708667,-122.4764270,41029002600,Jackson County,Census Tract 26,26,557,2817,2817,0,0,0,490,2327,3.65,1320,1142,178,2.47,31,3,7,5,55,2436,164,116,3,1,0,0,32,37,43,155,23,29,11,145,2670,21,3,7,2,50,2052,109,83,3,1,0,0,23,28,28,0,0,0,0,0,0,0,2001500420,17903058,308,2.63069220205,3737210002.28125,344305.990892614
39,39,41,029,000100,41029000100,1,Census Tract 1,G5020,S,2557714,0,+42.3275466,-122.8717923,41029000100,Jackson County,Census Tract 1,1,513,2063,1979,84,0,84,410,1653,2089.03,964,897,67,2.21,29,63,38,4,14,1261,125,529,27,2,0,1,189,139,171,146,94,66,11,369,1689,23,49,36,4,14,1086,88,353,26,1,0,0,127,84,115,0,0,0,0,0,0,84,2557714,0,264,0.108847169405,4682504.125,14306.991766103
40,40,41,029,002400,41029002400,24,Census Tract 24,G5020,S,46883206,2599786,+42.2197374,-122.7054858,41029002400,Jackson County,Census Tract 24,24,555,2134,2104,30,0,30,344,1790,117.89,920,843,77,2.5,13,42,13,4,17,1689,150,206,1,3,3,0,76,50,73,101,83,40,17,182,1957,12,34,13,4,17,1451,109,150,1,2,1,0,64,35,47,0,0,0,0,0,0,30,46883206,2599786,306,0.772801721352,90285846.3203125,98041.1625125023
41,41,41,029,000800,41029000800,8,Census Tract 8,G5020,S,16126594,0,+42.3228606,-122.9202705,41029000800,Jackson County,Census Tract 8,8,530,7284,7254,30,0,30,1669,5615,1169.84,2917,2814,103,2.58,64,92,72,59,21,5093,422,1461,25,0,5,3,525,398,505,339,174,129,102,1116,6394,42,65,55,50,13,4131,298,961,23,0,4,0,386,240,308,0,0,0,0,0,0,30,16126594,0,281,0.21168781085,29519201.9609375,26335.2488353159
42,42,41,029,002200,41029002200,22,Census Tract 22,G5020,S,10853079,874,+42.1644066,-122.6867270,41029002200,Jackson County,Census Tract 22,22,553,4784,4784,0,0,0,748,4036,1141.66,2452,2206,246,2.17,16,87,39,2,46,4064,288,242,0,0,1,0,48,83,110,118,178,86,14,276,4540,16,67,27,0,36,3510,214,166,0,0,0,0,38,52,76,0,0,0,0,0,0,0,10853079,874,304,0.232701038386,19773428.8984375,30529.9256176872
43,43,41,029,001100,41029001100,11,Census Tract 11,G5020,S,53305384,1766101,+42.4193853,-122.9520334,41029001100,Jackson County,Census Tract 11,11,535,5860,5765,95,13,82,1257,4603,284.72,2259,2153,106,2.68,68,74,28,25,24,4497,411,733,23,7,3,0,221,185,294,336,150,83,47,610,5373,48,67,21,13,15,3683,285,471,18,2,0,0,154,116,181,0,0,13,0,0,0,82,53305384,1766101,286,0.464207092821,101120455.726563,58612.2982228622
44,44,41,029,002500,41029002500,25,Census Tract 25,G5020,S,1475612871,11786207,+42.1900163,-122.5645355,41029002500,Jackson County,Census Tract 25,25,556,2716,2698,18,0,18,391,2325,4.77,1319,1114,205,2.42,21,32,8,0,31,2316,158,150,3,0,4,0,20,49,74,101,80,33,9,145,2588,19,29,8,0,27,2010,122,110,3,0,2,0,20,31,54,0,0,0,0,18,0,0,1475612871,11786207,307,2.60329017803,2714014609.26563,333534.631256338
45,45,41,029,002100,41029002100,21,Census Tract 21,G5020,S,12230551,1646,+42.1879381,-122.7423015,41029002100,Jackson County,Census Tract 21,21,552,3470,3470,0,0,0,479,2991,734.82,1922,1685,237,2.06,19,78,34,6,38,2905,201,189,5,0,0,2,33,47,102,104,139,60,23,224,3242,17,63,31,2,33,2546,151,148,5,0,0,2,33,35,73,0,0,0,0,0,0,0,12230551,1646,303,0.173563511799,22298324,22226.3366368738
46,46,41,029,001301,41029001301,13.01,Census Tract 13.01,G5020,S,36321594,638185,+42.4209174,-122.8497893,41029001301,Jackson County,Census Tract 13.01,13.01,537,5163,5002,161,0,161,1222,3941,368.16,1717,1678,39,2.98,41,54,39,19,22,3364,303,1321,60,2,3,0,477,293,486,346,92,85,34,1017,4418,34,47,30,11,11,2769,201,838,38,1,0,0,327,171,301,0,0,0,0,0,0,161,36321594,638185,288,0.333985267755,67861784.4609375,42255.7717334196
47,47,41,029,001500,41029001500,15,Census Tract 15,G5020,S,85463518,11345,+42.3147758,-123.0054610,41029001500,Jackson County,Census Tract 15,15,543,5027,5012,15,0,15,751,4276,152.34,2500,2281,219,2.2,27,41,11,0,28,4412,240,268,6,0,3,0,48,89,122,151,97,36,11,271,4850,20,28,8,0,22,3836,190,172,6,0,3,0,33,55,75,0,0,0,0,0,0,15,85463518,11345,294,0.527502347587,156396185.945313,66240.3796213974
48,48,41,031,960202,41031960202,9602.02,Census Tract 9602.02,G5020,S,44123233,0,+44.6401937,-121.1032823,41031960202,Jefferson County,Census Tract 9602.02,9602.02,568,6282,6214,68,7,61,1597,4685,368.75,2452,2316,136,2.68,315,67,16,4,25,3936,314,1605,64,10,2,1,818,327,383,621,142,54,32,1235,4941,226,53,16,4,24,3178,204,980,22,7,2,1,539,180,229,0,0,7,0,0,0,61,44123233,0,319,0.371772603797,87160269.3359375,49700.5638189267
49,49,41,031,960201,41031960201,9602.01,Census Tract 9602.01,G5020,S,10422388,0,+44.6168974,-121.1442277,41031960201,Jefferson County,Census Tract 9602.01,9602.01,567,3688,3688,0,0,0,997,2691,916.48,1446,1346,100,2.74,209,14,12,0,10,1736,164,1543,68,2,5,2,824,312,330,418,41,54,16,1179,2517,143,14,12,0,9,1407,104,1002,30,2,5,2,579,177,207,0,0,0,0,0,0,0,10422388,0,318,0.172475158708,20571778.9453125,24389.8602174775
50,50,41,031,960301,41031960301,9603.01,Census Tract 9603.01,G5020,S,63692363,3137688,+44.4649265,-121.2947415,41031960301,Jefferson County,Census Tract 9603.01,9603.01,569,4560,4560,0,0,0,611,3949,185.43,2200,1948,252,2.34,42,15,7,0,15,4074,218,189,14,5,1,2,37,62,68,189,45,35,12,169,4419,37,12,3,0,15,3574,160,148,14,5,0,2,32,48,47,0,0,0,0,0,0,0,63692363,3137688,320,0.657972866831,131205694.929688,87270.361092977
51,51,41,005,022105,41005022105,221.05,Census Tract 221.05,G5020,S,4592858,0,+45.4160088,-122.5422563,41005022105,Clackamas County,Census Tract 221.05,221.05,312,6416,6392,24,0,24,1396,5020,3618.09,2335,2255,80,2.83,34,799,118,19,23,4324,404,695,27,4,3,0,234,120,307,190,1004,217,72,606,5114,22,649,99,13,19,3477,290,451,20,2,0,0,152,76,201,0,0,0,0,0,0,24,4592858,0,63,0.115786511411,9320271.3515625,14524.9216196076
52,52,41,025,960200,41025960200,9602,Census Tract 9602,G5020,S,23044329528,238445176,+42.9497423,-118.9026357,41025960200,Harney County,Census Tract 9602,9602,506,2165,2153,12,0,12,482,1683,0.24,1131,874,257,2.46,11,5,0,0,3,1977,89,80,0,0,2,0,30,9,39,68,24,22,4,85,2100,11,5,0,0,3,1538,75,51,0,0,0,0,22,5,24,0,0,0,0,0,0,12,23044329528,238445176,257,7.69409793661,43513888663.5508,1028144.58757803
53,53,41,031,960100,41031960100,9601,Census Tract 9601,G5020,S,2168990316,3135497,+44.6380955,-120.8262504,41031960100,Jefferson County,Census Tract 9601,9601,566,2482,1505,977,977,0,333,2149,2.96,653,563,90,2.67,70,5,83,7,5,1904,82,326,16,0,0,0,237,24,49,120,20,94,21,314,2054,60,5,83,7,5,1696,55,238,12,0,0,0,187,10,29,977,0,0,0,0,0,0,2168990316,3135497,317,3.18659088391,4293228527.32031,395476.196470727
54,54,41,031,940000,41031940000,9400,Census Tract 9400,G5020,S,1052562497,8834853,+44.7215937,-121.5154243,41031940000,Jefferson County,Census Tract 9400,9400,565,2622,2589,33,33,0,837,1785,6.45,730,706,24,3.67,2254,1,7,3,2,36,111,208,164,0,0,0,18,5,21,2531,47,34,32,37,113,1547,1,5,3,2,34,71,122,86,0,0,0,15,5,16,20,0,13,0,0,0,0,1052562497,8834853,316,2.18286636012,2102661367.42188,270782.00980972
55,55,41,017,001901,41017001901,19.01,Census Tract 19.01,G5020,S,35355584,0,+44.0261591,-121.2182389,41017001901,Deschutes County,Census Tract 19.01,19.01,462,1873,1871,2,2,0,381,1492,137.21,716,689,27,2.72,10,22,7,1,5,1664,105,59,1,0,2,0,14,10,32,63,44,17,10,79,1809,7,18,4,1,5,1355,63,39,1,0,0,0,9,7,22,0,2,0,0,0,0,0,35355584,0,213,0.28364957242,68403325.109375,39207.4344632468
56,56,41,017,001002,41017001002,10.02,Census Tract 10.02,G5020,S,78743045,0,+44.1840020,-121.2091975,41017001002,Deschutes County,Census Tract 10.02,10.02,443,2616,2616,0,0,0,453,2163,86.04,1116,1004,112,2.61,6,15,4,3,27,2295,104,162,5,0,1,0,45,42,69,61,32,14,13,172,2507,6,11,4,2,23,1918,78,121,5,0,1,0,37,27,51,0,0,0,0,0,0,0,78743045,0,194,0.590927313558,153156077.414063,73218.0402106237
57,57,41,017,000401,41017000401,4.01,Census Tract 4.01,G5020,S,143431479,294274,+43.9314989,-121.3743124,41017000401,Deschutes County,Census Tract 4.01,4.01,430,5464,5456,8,0,8,1051,4413,98.67,2521,2102,419,2.6,41,38,20,2,37,4553,317,456,7,0,2,1,132,117,197,193,103,50,35,446,5183,30,34,16,2,33,3781,212,305,7,0,0,0,104,67,127,0,0,0,0,0,0,8,143431479,294274,181,0.607944453665,277231994.75,82514.5410943765
58,58,41,005,980000,41005980000,9800,Census Tract 9800,G5020,S,1634590508,6684470,+45.0641988,-121.9884098,41005980000,Clackamas County,Census Tract 9800,9800,364,82,45,37,0,37,11,71,0.13,54,22,32,2.05,1,7,1,0,0,48,1,24,0,0,0,2,7,5,10,1,7,1,2,18,64,1,6,1,0,0,39,1,23,0,0,0,2,7,5,9,0,0,0,0,0,0,37,1634590508,6684470,115,2.40960736559,3290678332.46875,311261.593842434
59,59,41,057,960500,41057960500,9605,Census Tract 9605,G5020,S,33173871,29142305,+45.4930828,-123.9211157,41057960500,Tillamook County,Census Tract 9605,9605,1055,2169,2169,0,0,0,462,1707,169.34,1152,929,223,2.33,10,22,5,25,4,1677,119,307,17,0,1,0,137,66,86,87,46,28,36,259,1936,10,22,5,19,4,1362,79,206,10,0,0,0,92,43,61,0,0,0,0,0,0,0,33173871,29142305,806,0.536299245309,126827589.28125,72128.165177049
60,60,41,057,960300,41057960300,9603,Census Tract 9603,G5020,S,385892726,7839298,+45.6031827,-123.6930790,41057960300,Tillamook County,Census Tract 9603,9603,1052,2566,2563,3,0,3,472,2094,17.22,1239,1055,184,2.43,18,27,4,7,16,2086,165,243,7,0,1,0,95,49,91,108,51,18,15,249,2388,17,26,4,5,14,1763,118,147,7,0,1,0,58,23,58,0,0,0,0,0,0,3,385892726,7839298,803,1.79942153026,804381169.15625,230503.657841838
61,61,41,057,960600,41057960600,9606,Census Tract 9606,G5020,S,89428037,19470266,+45.4081120,-123.9204682,41057960600,Tillamook County,Census Tract 9606,9606,1056,2415,2398,17,0,17,398,2017,69.94,1951,1108,843,2.16,18,24,8,0,12,1998,136,219,3,0,0,0,94,47,75,112,54,32,9,196,2246,11,21,5,0,12,1749,89,130,3,0,0,0,57,37,33,0,0,0,0,0,0,17,89428037,19470266,807,0.781253979493,221036267.414063,102507.58264294
62,62,41,057,960200,41057960200,9602,Census Tract 9602,G5020,S,56732694,8269590,+45.6005105,-123.9202124,41057960200,Tillamook County,Census Tract 9602,9602,1051,2675,2652,23,0,23,331,2344,122.12,2923,1328,1595,2,22,38,7,7,18,2307,161,115,2,0,0,0,25,30,58,118,66,38,27,126,2544,22,31,7,3,9,2061,126,85,0,0,0,0,17,26,42,0,0,0,0,0,15,8,56732694,8269590,802,0.43002406949,132770335.039063,57945.9284034855
63,63,41,057,960700,41057960700,9607,Census Tract 9607,G5020,S,657389267,17629952,+45.3049762,-123.7147467,41057960700,Tillamook County,Census Tract 9607,9607,1057,2780,2780,0,0,0,520,2260,10.95,1969,1153,816,2.41,27,15,8,1,10,2330,176,213,8,0,0,0,56,51,98,140,46,14,16,203,2649,18,14,2,1,10,1962,136,117,5,0,0,0,36,18,58,0,0,0,0,0,0,0,657389267,17629952,808,1.99368529999,1364179840.67188,258168.609251803
64,64,41,033,360900,41033360900,3609,Census Tract 3609,G5020,S,655942475,1139903,+42.4635032,-123.7080812,41033360900,Josephine County,Census Tract 3609,3609,583,2531,2531,0,0,0,332,2199,9.99,1213,1085,128,2.33,23,23,7,1,12,2228,119,118,0,0,0,0,18,41,59,105,51,14,13,99,2440,23,22,7,0,12,1956,96,83,0,0,0,0,16,30,37,0,0,0,0,0,0,0,655942475,1139903,334,2.12129831789,1207747523.54688,267309.479902377
65,65,41,033,361500,41033361500,3615,Census Tract 3615,G5020,S,715463325,559681,+42.3143745,-123.6675827,41033361500,Josephine County,Census Tract 3615,3615,592,2647,2647,0,0,0,430,2217,9.58,1261,1057,204,2.5,26,23,13,3,17,2206,172,187,1,0,1,1,44,60,80,169,47,31,19,151,2512,24,12,8,3,17,1895,138,120,1,0,0,1,32,30,56,0,0,0,0,0,0,0,715463325,559681,343,2.6230689554,1310179458.71094,332404.607284411
66,66,41,033,360300,41033360300,3603,Census Tract 3603,G5020,S,87831325,222583,+42.5504316,-123.4310720,41033360300,Josephine County,Census Tract 3603,3603,574,5673,5653,20,0,20,903,4770,167.29,2384,2250,134,2.51,50,33,8,6,20,4912,331,313,14,0,0,0,51,122,126,280,100,28,53,252,5480,42,28,7,6,20,4206,221,240,14,0,0,0,47,82,97,0,0,0,0,0,0,20,87831325,222583,325,0.681109479507,162316386.179688,88922.1167735669
67,67,41,033,360800,41033360800,3608,Census Tract 3608,G5020,S,77533333,1044657,+42.4651722,-123.4340244,41033360800,Josephine County,Census Tract 3608,3608,582,5265,5252,13,0,13,800,4465,175.88,2343,2190,153,2.4,30,52,15,16,34,4492,327,299,8,0,0,0,79,124,88,216,117,50,46,265,5021,26,50,15,14,30,3866,242,222,8,0,0,0,62,84,68,0,0,0,0,0,0,13,77533333,1044657,333,0.483293206447,144499131.882813,59266.0929250416
68,68,41,033,361000,41033361000,3610,Census Tract 3610,G5020,S,48285133,431259,+42.3905730,-123.4071893,41033361000,Josephine County,Census Tract 3610,3610,584,5094,5072,22,0,22,827,4267,273.24,2064,1965,99,2.58,41,28,7,5,27,4374,326,286,10,0,0,0,57,97,122,230,93,43,27,262,4915,33,28,4,5,18,3716,246,217,10,0,0,0,50,64,93,0,0,0,0,0,0,22,48285133,431259,335,0.416309718564,89364684.7109375,53297.672296189
69,69,41,033,360400,41033360400,3604,Census Tract 3604,G5020,S,216728412,188744,+42.5333029,-123.2753322,41033360400,Josephine County,Census Tract 3604,3604,575,4616,4607,9,0,9,751,3865,55.16,1995,1844,151,2.5,26,66,17,5,20,3922,272,288,7,0,0,2,43,133,103,199,127,46,28,210,4420,25,53,16,5,14,3345,200,207,7,0,0,2,31,89,78,0,0,0,0,0,0,9,216728412,188744,326,0.802936769795,399712365.289063,108784.825070678
70,70,41,033,360500,41033360500,3605,Census Tract 3605,G5020,S,5227431,0,+42.4418589,-123.3083630,41033360500,Josephine County,Census Tract 3605,3605,576,6068,5724,344,292,52,1332,4736,3006.46,2604,2509,95,2.28,64,85,41,11,29,4824,395,619,11,0,5,0,173,224,206,332,138,101,41,453,5636,46,68,40,5,23,3869,281,404,9,0,1,0,132,136,126,234,0,58,0,0,0,52,5227431,0,327,0.118196198856,9604722.0625,15083.9138429845
71,71,41,033,360701,41033360701,3607.01,Census Tract 3607.01,G5020,S,3421466,0,+42.4386529,-123.3374265,41033360701,Josephine County,Census Tract 3607.01,3607.01,579,4474,4417,57,0,57,966,3508,3386.74,1929,1844,85,2.4,63,45,33,11,29,3486,322,485,12,0,8,0,104,186,175,300,97,109,14,330,4155,47,38,33,6,23,2803,222,336,12,0,7,0,82,116,119,0,0,0,0,0,0,57,3421466,0,330,0.171649237995,6285858.40625,20522.3396003337
72,72,41,033,361400,41033361400,3614,Census Tract 3614,G5020,S,199102887,0,+42.2461052,-123.3047481,41033361400,Josephine County,Census Tract 3614,3614,591,2811,2811,0,0,0,448,2363,36.57,1265,1160,105,2.42,38,13,17,0,23,2361,174,185,2,0,2,0,34,71,76,137,49,48,12,168,2670,20,10,12,0,18,2037,134,132,2,0,1,0,26,52,51,0,0,0,0,0,0,0,199102887,0,342,0.99178939975,363571909.859375,130878.24739733
73,73,41,033,360100,41033360100,3601,Census Tract 3601,G5020,S,903076323,556627,+42.6087897,-123.5626652,41033360100,Josephine County,Census Tract 3601,3601,573,1910,1910,0,0,0,282,1628,5.48,955,811,144,2.36,12,18,3,3,9,1639,111,115,2,1,0,0,13,45,54,102,36,26,10,78,1835,12,17,3,3,9,1419,76,89,2,1,0,0,11,36,39,0,0,0,0,0,0,0,903076323,556627,324,2.75998177319,1670350655.9375,351294.526889905
74,74,41,067,031821,41067031821,318.21,Census Tract 318.21,G5020,S,1448653,0,+45.4584787,-122.8331387,41067031821,Washington County,Census Tract 318.21,318.21,1171,3405,3402,3,0,3,772,2633,6087.66,1329,1279,50,2.66,12,500,72,12,29,2328,233,219,0,1,1,0,57,56,104,62,633,118,32,206,2710,9,407,47,8,20,1834,148,160,0,1,1,0,41,40,77,0,0,0,0,0,0,3,1448653,0,922,0.0594504996427,2944139.8515625,7783.05287334985
75,75,41,067,031820,41067031820,318.20,Census Tract 318.20,G5020,S,1155840,0,+45.4502440,-122.8383630,41067031820,Washington County,Census Tract 318.20,318.20,1170,3260,3260,0,0,0,791,2469,7304.96,1313,1269,44,2.57,5,467,83,8,15,2103,244,335,6,2,8,0,93,83,143,50,610,158,34,277,2548,3,359,64,6,13,1657,156,211,4,0,1,0,72,50,84,0,0,0,0,0,0,0,1155840,0,921,0.0609746762284,2348367.5859375,7274.75121210065
76,76,41,067,031007,41067031007,310.07,Census Tract 310.07,G5020,S,1370622,0,+45.4614761,-122.8184081,41067031007,Washington County,Census Tract 310.07,310.07,1115,2834,2813,21,0,21,553,2281,5355.25,1160,1128,32,2.49,5,214,32,7,11,2150,189,226,7,6,5,0,49,51,108,69,312,88,24,199,2476,5,187,28,2,11,1782,107,159,6,2,4,0,36,36,75,0,0,0,0,0,0,21,1370622,0,866,0.0600524553578,2785851.75,7916.52623099521
77,77,41,067,031917,41067031917,319.17,Census Tract 319.17,G5020,S,2204370,0,+45.4197493,-122.8053508,41067031917,Washington County,Census Tract 319.17,319.17,1180,4081,4062,19,0,19,943,3138,4794.9,1510,1474,36,2.76,6,457,75,1,20,2789,256,477,6,10,0,2,196,80,183,95,592,143,29,422,3291,6,370,55,1,17,2236,142,311,5,5,0,2,119,54,126,0,0,0,0,0,0,19,2204370,0,931,0.0913048921355,4473903.2734375,11358.738352321
78,78,41,067,031918,41067031918,319.18,Census Tract 319.18,G5020,S,1831221,0,+45.4271019,-122.8195843,41067031918,Washington County,Census Tract 319.18,319.18,1181,4648,4648,0,0,0,1087,3561,6573.9,1785,1739,46,2.67,7,678,77,58,15,2992,347,474,10,13,4,0,143,106,198,94,880,151,82,416,3630,3,560,49,35,15,2394,199,306,4,5,4,0,102,74,117,0,0,0,0,0,0,0,1831221,0,932,0.0821793802476,3717527.796875,11415.9427836972
79,79,41,067,032112,41067032112,321.12,Census Tract 321.12,G5020,S,6421280,0,+45.3653261,-122.8384334,41067032112,Washington County,Census Tract 321.12,321.12,1192,7371,7286,85,32,53,2006,5365,2973.05,2705,2644,61,2.76,60,286,42,25,26,5641,454,837,27,12,6,2,249,222,319,251,526,152,62,626,6611,36,224,37,21,16,4215,276,540,27,8,6,2,175,134,188,0,0,32,0,0,0,53,6421280,0,943,0.14133787643,13007476.96875,18022.7655629811
80,80,41,067,032612,41067032612,326.12,Census Tract 326.12,G5020,S,6011406,0,+45.5458049,-122.9127905,41067032612,Washington County,Census Tract 326.12,326.12,1215,2811,2811,0,0,0,297,2514,1211.11,1615,1519,96,1.85,6,591,112,9,18,1604,155,316,9,2,2,5,134,66,98,56,660,157,39,267,1912,6,531,95,6,15,1508,110,243,2,2,0,3,105,56,75,0,0,0,0,0,0,0,6011406,0,966,0.118012027783,12254874.1328125,16284.834422486
81,81,41,067,032411,41067032411,324.11,Census Tract 324.11,G5020,S,1918546,0,+45.5068829,-122.9119364,41067032411,Washington County,Census Tract 324.11,324.11,1201,4534,4511,23,6,17,1176,3358,6120.78,1510,1477,33,3.05,17,723,85,24,17,2692,330,646,37,4,2,1,243,109,250,179,868,154,74,544,3348,10,578,59,15,11,2115,171,399,18,0,0,1,175,56,149,0,6,0,0,0,0,17,1918546,0,952,0.0641637429342,3905781.9296875,8237.53855563803
82,82,41,067,031301,41067031301,313.01,Census Tract 313.01,G5020,S,1723027,0,+45.4912800,-122.7821614,41067031301,Washington County,Census Tract 313.01,313.01,1124,2694,2591,103,60,43,439,2255,4049.52,1221,1161,60,2.23,12,210,89,21,15,1704,174,469,7,10,0,0,229,79,144,70,312,127,46,403,2086,7,182,79,16,12,1496,119,344,4,6,0,0,185,56,93,0,0,60,0,0,0,43,1723027,0,875,0.066512046756,3505807.2578125,8667.83483046902
83,83,41,067,032301,41067032301,323.01,Census Tract 323.01,G5020,S,36933432,20897,+45.4421479,-122.9156952,41067032301,Washington County,Census Tract 323.01,323.01,1195,1354,1330,24,15,9,262,1092,94.95,491,487,4,2.73,4,69,11,2,7,1003,66,192,6,1,0,0,114,23,48,26,109,23,11,176,1134,1,63,7,2,1,840,32,146,6,0,0,0,87,21,32,0,0,15,0,0,0,9,36933432,20897,946,0.407243293559,75043003.3125,53711.1127717725
84,84,41,067,031915,41067031915,319.15,Census Tract 319.15,G5020,S,8626653,0,+45.4067782,-122.8494602,41067031915,Washington County,Census Tract 319.15,319.15,1178,5000,5000,0,0,0,1286,3714,1501.15,1786,1723,63,2.9,13,779,134,40,29,3249,367,389,5,0,2,0,102,112,168,103,1007,211,77,340,3870,9,593,87,29,17,2546,182,251,5,0,2,0,81,62,101,0,0,0,0,0,0,0,8626653,0,929,0.204266448511,17500327.984375,26316.8689331506
85,85,41,067,031913,41067031913,319.13,Census Tract 319.13,G5020,S,2823227,0,+45.3961579,-122.8276204,41067031913,Washington County,Census Tract 319.13,319.13,1176,2586,2586,0,0,0,702,1884,2372.36,867,852,15,3.04,10,270,73,7,8,1554,146,518,8,0,5,0,217,121,167,64,347,115,39,392,1967,8,204,53,2,2,1222,78,315,5,0,5,0,140,72,93,0,0,0,0,0,0,0,2823227,0,927,0.139429582058,5725167.15625,17631.6730337558
86,86,41,039,001804,41039001804,18.04,Census Tract 18.04,G5020,S,6480136,696097,+44.0535505,-122.8805911,41039001804,Lane County,Census Tract 18.04,18.04,649,3687,3682,5,0,5,885,2802,1473.62,1365,1339,26,2.75,32,39,18,8,9,3065,230,286,4,1,2,0,58,97,124,175,88,70,19,203,3505,18,32,15,8,7,2396,150,176,0,1,2,0,44,50,79,0,0,0,0,0,0,5,6480136,696097,400,0.192704261304,13897262.7265625,23213.5050868513
87,87,41,039,001902,41039001902,19.02,Census Tract 19.02,G5020,S,3870651,0,+44.0498889,-122.9747430,41039001902,Lane County,Census Tract 19.02,19.02,650,6626,6587,39,0,39,1660,4966,4433.69,2436,2347,89,2.81,83,88,86,43,43,4654,486,1143,21,7,3,2,480,344,286,377,205,192,92,848,5752,62,71,63,28,30,3666,323,723,19,2,2,2,332,182,184,0,0,0,0,0,0,39,3870651,0,401,0.0869462602965,7494602.421875,11424.7817197127
88,88,41,067,030106,41067030106,301.06,Census Tract 301.06,G5020,S,2486646,0,+45.5277793,-122.7762391,41067030106,Washington County,Census Tract 301.06,301.06,1100,4119,4075,44,44,0,1073,3046,4290.18,1532,1435,97,2.84,3,524,50,6,28,2958,330,220,4,6,2,0,31,44,133,68,677,98,27,300,3454,3,387,34,4,20,2283,161,154,4,5,2,0,22,31,90,0,0,44,0,0,0,0,2486646,0,851,0.0935678405425,5066051.6875,11683.3978252879
89,89,41,039,001400,41039001400,14,Census Tract 14,G5020,S,1339556858,6433796,+43.6213848,-122.7934089,41039001400,Lane County,Census Tract 14,14,643,2509,2509,0,0,0,430,2079,4.85,1048,960,88,2.61,20,20,0,6,16,2095,240,112,9,0,1,0,15,23,64,160,61,16,17,167,2410,15,20,0,6,16,1758,173,91,9,0,1,0,15,18,48,0,0,0,0,0,0,0,1339556858,6433796,394,2.56379119664,2569792420.98438,326101.749791306
90,90,41,039,001700,41039001700,17,Census Tract 17,G5020,S,154463532,991580,+43.9525385,-122.9341406,41039001700,Lane County,Census Tract 17,17,646,5569,5487,82,0,82,1027,4542,93.38,2219,2114,105,2.6,67,46,16,2,28,4855,284,271,3,3,1,0,75,95,94,228,94,48,25,251,5317,40,40,16,2,19,4067,190,168,3,3,1,0,55,53,53,0,0,0,0,0,0,82,154463532,991580,397,0.684824996191,299984166.078125,89931.5823988048
91,91,41,039,001903,41039001903,19.03,Census Tract 19.03,G5020,S,3394754,0,+44.0519927,-122.9498658,41039001903,Lane County,Census Tract 19.03,19.03,651,3038,3026,12,0,12,723,2315,2317.81,1156,1126,30,2.69,23,16,34,6,9,2245,223,482,6,5,3,5,178,133,152,171,66,78,36,365,2728,21,15,25,6,4,1787,157,300,6,2,3,5,129,66,89,0,0,0,0,0,0,12,3394754,0,402,0.0941633164187,6573605.6953125,11478.2148113634
92,92,41,017,001401,41017001401,14.01,Census Tract 14.01,G5020,S,10883018,0,+44.0416812,-121.3561640,41017001401,Deschutes County,Census Tract 14.01,14.01,452,5699,5606,93,6,87,1184,4515,1356.27,2753,2337,416,2.4,21,65,14,7,33,5056,265,238,3,2,4,0,26,63,140,82,190,39,32,280,5515,21,51,10,7,19,4066,175,166,0,2,4,0,21,41,98,0,6,0,0,87,0,0,10883018,0,203,0.155755415898,21066602.0546875,19865.5769940935
93,93,41,017,001402,41017001402,14.02,Census Tract 14.02,G5020,S,1881878,139708,+44.0502469,-121.3258734,41017001402,Deschutes County,Census Tract 14.02,14.02,453,1308,1300,8,0,8,212,1096,1800.17,776,592,184,2.2,6,12,3,3,3,1150,84,47,0,0,2,0,2,24,19,34,40,14,7,54,1273,0,12,3,3,2,979,57,40,0,0,0,0,2,20,18,0,0,0,0,0,0,8,1881878,139708,204,0.0975845863467,3914366.5390625,12748.3494823184
94,94,41,017,000404,41017000404,4.04,Census Tract 4.04,G5020,S,19103591,0,+43.8460640,-121.4854592,41017000404,Deschutes County,Census Tract 4.04,4.04,432,1893,1893,0,0,0,311,1582,256.65,1205,820,385,2.31,13,21,6,0,6,1650,109,88,4,0,0,0,10,25,49,76,43,15,4,95,1830,13,16,6,0,5,1407,73,62,3,0,0,0,9,20,30,0,0,0,0,0,0,0,19103591,0,183,0.276914331649,36738526.78125,35672.977342655
95,95,41,017,001102,41017001102,11.02,Census Tract 11.02,G5020,S,45284678,0,+44.1238545,-121.3185022,41017001102,Deschutes County,Census Tract 11.02,11.02,448,6385,6136,249,174,75,1256,5129,365.18,2611,2408,203,2.55,32,75,21,7,20,5597,273,360,4,0,3,0,82,107,164,159,158,52,37,317,6131,29,66,11,5,18,4545,197,258,3,0,3,0,65,72,115,164,10,0,0,0,0,75,45284678,0,199,0.446424352731,87901167.734375,59150.4105577422
96,96,41,017,000902,41017000902,9.02,Census Tract 9.02,G5020,S,2232577,0,+44.2684485,-121.1896019,41017000902,Deschutes County,Census Tract 9.02,9.02,442,3173,3159,14,0,14,779,2394,3680.96,1317,1250,67,2.53,32,22,12,14,10,2467,214,402,8,5,4,0,145,135,105,132,81,38,33,306,2914,22,22,3,9,3,1932,130,273,7,5,0,0,108,84,69,0,0,0,0,0,0,14,2232577,0,193,0.0782373840272,4354782.4140625,10304.3309588642
97,97,41,017,002001,41017002001,20.01,Census Tract 20.01,G5020,S,4692540,0,+44.0011305,-121.3036849,41017002001,Deschutes County,Census Tract 20.01,20.01,465,1132,1132,0,0,0,161,971,624.79,536,512,24,2.21,11,13,2,1,0,972,53,80,4,0,1,0,14,14,47,49,28,5,9,73,1082,5,11,2,0,0,858,35,60,2,0,1,0,6,12,39,0,0,0,0,0,0,0,4692540,0,216,0.145977650611,9071152.1875,18969.0418816954
98,98,41,017,001003,41017001003,10.03,Census Tract 10.03,G5020,S,18512680,0,+44.2903948,-121.2195462,41017001003,Deschutes County,Census Tract 10.03,10.03,444,6075,6070,5,5,0,1431,4644,849.91,2332,2251,81,2.7,36,70,28,9,18,4881,304,729,22,1,4,0,251,186,265,222,169,57,58,583,5621,29,65,12,7,16,3854,205,456,18,1,0,0,183,109,145,0,0,5,0,0,0,0,18512680,0,195,0.236066042534,36136933.3359375,30207.261198476
99,99,41,017,001005,41017001005,10.05,Census Tract 10.05,G5020,S,62481984,0,+44.2289942,-121.1751091,41017001005,Deschutes County,Census Tract 10.05,10.05,446,4432,4414,18,18,0,839,3593,183.71,1983,1813,170,2.43,27,44,9,5,18,3850,182,297,0,2,3,0,66,94,132,120,98,30,16,247,4255,16,33,5,5,15,3194,133,192,0,2,2,0,48,58,82,0,0,18,0,0,0,0,62481984,0,197,0.549451518448,121712706.21875,70919.8495104338
100,100,41,017,000901,41017000901,9.01,Census Tract 9.01,G5020,S,13344231,1879,+44.2579194,-121.1666088,41017000901,Deschutes County,Census Tract 9.01,9.01,441,4425,4408,17,10,7,1063,3362,858.85,1871,1778,93,2.48,29,88,40,5,7,3272,256,728,15,0,0,0,312,180,221,158,145,69,33,607,3915,23,88,27,3,6,2634,160,421,11,0,0,0,195,91,124,0,0,10,0,0,0,7,13344231,1879,192,0.221854349404,26020414.9140625,28251.9223480515
101,101,41,017,001004,41017001004,10.04,Census Tract 10.04,G5020,S,3743351,0,+44.2601598,-121.2086491,41017001004,Deschutes County,Census Tract 10.04,10.04,445,7026,7021,5,0,5,1860,5166,4861.22,2574,2496,78,2.81,51,70,40,8,19,5264,364,1210,51,3,7,0,492,287,370,270,174,120,36,930,6271,40,58,33,7,16,4048,224,740,35,3,4,0,325,153,220,0,0,0,0,0,0,5,3743351,0,196,0.0998057526387,7299593.9609375,12949.5239493226
102,102,41,017,000702,41017000702,7.02,Census Tract 7.02,G5020,S,109258380,267013,+44.3561422,-121.1963192,41017000702,Deschutes County,Census Tract 7.02,7.02,439,4636,4636,0,0,0,782,3854,109.9,2025,1845,180,2.51,40,17,11,3,34,4009,275,247,7,5,0,0,43,85,107,176,67,42,18,271,4470,32,9,9,3,21,3418,195,167,7,5,0,0,40,51,64,0,0,0,0,0,0,0,109258380,267013,190,0.591523031708,214271902.328125,73887.0572481411
103,103,41,017,001904,41017001904,19.04,Census Tract 19.04,G5020,S,16027953,0,+44.0143279,-121.2637538,41017001904,Deschutes County,Census Tract 19.04,19.04,464,4677,4671,6,0,6,1055,3622,755.77,1829,1754,75,2.66,22,64,19,1,39,3793,195,544,11,3,0,0,262,99,169,110,132,36,10,518,4251,13,53,7,1,29,3045,133,341,11,3,0,0,150,59,118,0,0,0,0,0,0,6,16027953,0,215,0.201491294088,30997377.625,27753.3378844132
104,104,41,017,000202,41017000202,2.02,Census Tract 2.02,G5020,S,723717557,66252592,+43.7256814,-121.7130224,41017000202,Deschutes County,Census Tract 2.02,2.02,427,2618,2618,0,0,0,307,2311,9.37,1815,1171,644,2.24,19,10,4,5,6,2319,152,103,4,0,3,0,9,48,39,118,33,16,11,89,2554,19,10,4,5,6,2044,133,90,4,0,3,0,9,40,34,0,0,0,0,0,0,0,723717557,66252592,178,1.93783675941,1513003224.46875,238187.453221216
105,105,41,017,001101,41017001101,11.01,Census Tract 11.01,G5020,S,8884813,0,+44.0934956,-121.2841871,41017001101,Deschutes County,Census Tract 11.01,11.01,447,8047,8032,15,0,15,2140,5907,2345.76,3039,2939,100,2.73,35,151,67,8,35,6510,538,703,6,3,2,0,190,180,322,288,328,143,62,645,7531,23,121,37,2,17,4954,332,421,1,0,0,0,131,105,184,0,0,0,0,0,0,15,8884813,0,198,0.144779410436,17228530.6640625,18877.0192465766
106,106,41,017,000601,41017000601,6.01,Census Tract 6.01,G5020,S,173962779,142012,+44.3317589,-121.3738889,41017000601,Deschutes County,Census Tract 6.01,6.01,435,1766,1758,8,0,8,255,1511,26.29,826,728,98,2.41,17,13,3,1,10,1553,79,90,12,2,0,0,13,15,48,70,22,8,2,100,1694,15,13,1,0,10,1336,62,74,11,2,0,0,13,13,35,0,0,0,0,0,0,8,173962779,142012,186,0.801478041625,340342438.695313,98671.1551167781
107,107,41,017,001302,41017001302,13.02,Census Tract 13.02,G5020,S,11357352,0,+44.0666211,-121.3594917,41017001302,Deschutes County,Census Tract 13.02,13.02,451,8429,8391,38,0,38,1743,6686,1922.19,3956,3636,320,2.31,13,150,30,14,30,7384,409,399,9,1,3,1,50,163,172,122,347,83,32,337,8116,13,126,22,14,23,5932,260,296,9,1,2,1,43,117,123,0,0,0,0,38,0,0,11357352,0,202,0.216258971247,22003179.5234375,28417.5178939959
108,108,41,017,000603,41017000603,6.03,Census Tract 6.03,G5020,S,165995690,0,+44.2468625,-121.3586558,41017000603,Deschutes County,Census Tract 6.03,6.03,437,3867,3866,1,1,0,372,3495,60.34,2714,1739,975,2.22,20,28,9,5,31,3521,135,118,2,2,2,0,29,20,63,73,69,18,14,164,3734,12,28,6,5,24,3225,114,81,0,2,2,0,17,14,46,0,0,1,0,0,0,0,165995690,0,188,0.626761607484,323548927.414063,78019.4618513318
109,109,41,017,000302,41017000302,3.02,Census Tract 3.02,G5020,S,50278300,0,+43.7378141,-121.5318849,41017000302,Deschutes County,Census Tract 3.02,3.02,429,4960,4960,0,0,0,799,4161,255.5,2498,2022,476,2.45,68,26,12,2,23,4241,362,226,5,0,0,1,56,61,103,284,80,28,33,278,4744,55,24,12,2,23,3625,282,138,0,0,0,0,34,30,74,0,0,0,0,0,0,0,50278300,0,180,0.511564268829,96344112.46875,63675.8136829262
110,110,41,017,000602,41017000602,6.02,Census Tract 6.02,G5020,S,102423284,580696,+44.1603611,-121.3934961,41017000602,Deschutes County,Census Tract 6.02,6.02,436,2656,2656,0,0,0,459,2197,67.16,1157,1053,104,2.52,18,9,5,2,19,2395,106,102,4,0,1,0,11,30,56,72,40,9,8,109,2587,18,9,5,1,12,2009,63,80,3,0,1,0,8,23,45,0,0,0,0,0,0,0,102423284,580696,187,0.650630393634,200202552.289063,85303.6627661603
111,111,41,017,001802,41017001802,18.02,Census Tract 18.02,G5020,S,3626472,0,+44.0459047,-121.2804773,41017001802,Deschutes County,Census Tract 18.02,18.02,461,4450,4442,8,0,8,902,3548,3178.14,1933,1857,76,2.39,24,45,19,9,29,3489,265,570,13,4,6,0,178,190,179,146,149,67,52,419,4099,18,40,11,7,23,2916,181,352,6,4,0,0,127,100,115,0,0,0,0,0,0,8,3626472,0,212,0.0917831009195,7020870.21875,12038.7287963375
112,112,41,017,002103,41017002103,21.03,Census Tract 21.03,G5020,S,4174219,54855,+44.0173988,-121.3414530,41017002103,Deschutes County,Census Tract 21.03,21.03,469,6253,6235,18,0,18,1638,4615,3879.81,2410,2292,118,2.72,32,131,28,6,35,5368,317,336,9,2,0,3,86,92,144,160,245,55,32,333,5916,26,96,20,3,30,4051,173,216,9,0,0,0,60,55,92,0,0,0,0,0,0,18,4174219,54855,220,0.132744675254,8179524.4296875,17227.9481062878
113,113,41,039,003201,41039003201,32.01,Census Tract 32.01,G5020,S,1403887,0,+44.0596064,-123.0389417,41039003201,Lane County,Census Tract 32.01,32.01,680,3254,3145,109,86,23,752,2502,6003.2,1322,1291,31,2.44,35,34,51,5,26,2291,231,581,0,1,7,2,243,151,177,184,94,96,22,457,2836,28,34,41,5,12,1851,152,379,0,0,5,2,171,80,121,0,0,86,0,0,0,23,1403887,0,431,0.0629074926237,2719174.859375,7590.75600362268
114,114,41,039,003202,41039003202,32.02,Census Tract 32.02,G5020,S,2363934,0,+44.0514411,-123.0365201,41039003202,Lane County,Census Tract 32.02,32.02,681,4021,3954,67,0,67,709,3312,4405.51,1856,1779,77,2.22,35,76,56,5,21,3001,277,550,26,8,2,0,212,161,141,206,158,121,21,397,3573,21,63,42,2,20,2595,200,369,22,3,2,0,158,98,86,0,0,0,0,0,0,67,2363934,0,432,0.0778222201656,4577436.0625,9846.14347864804
115,115,41,039,003400,41039003400,34,Census Tract 34,G5020,S,3323513,0,+44.0511694,-122.9943753,41039003400,Lane County,Census Tract 34,34,684,4798,4772,26,0,26,1000,3798,3739.04,2065,1988,77,2.4,40,48,63,4,32,3540,301,770,30,0,10,0,315,217,198,275,103,126,20,566,4236,40,32,44,4,27,2909,218,524,17,0,7,0,221,146,133,0,0,0,0,0,0,26,3323513,0,435,0.0750545457726,6435464.359375,10032.8543679502
116,116,41,017,000301,41017000301,3.01,Census Tract 3.01,G5020,S,104815736,0,+43.8016212,-121.4434833,41017000301,Deschutes County,Census Tract 3.01,3.01,428,4679,4679,0,0,0,849,3830,115.62,2738,1901,837,2.46,38,23,9,7,37,4083,277,205,2,0,3,3,43,69,85,182,97,37,24,205,4514,24,18,9,7,33,3407,191,141,2,0,0,3,31,42,63,0,0,0,0,0,0,0,104815736,0,179,0.863294999262,201275952.445313,112058.143793679
117,117,41,017,001601,41017001601,16.01,Census Tract 16.01,G5020,S,2746098,46843,+44.0710005,-121.2983845,41017001601,Deschutes County,Census Tract 16.01,16.01,456,4715,4675,40,0,40,852,3863,4446.96,2344,2157,187,2.17,27,59,25,21,32,3592,282,677,17,2,8,2,235,183,230,136,152,82,52,558,4271,23,50,25,15,18,3054,191,487,17,2,5,0,176,134,153,0,0,0,0,0,0,40,2746098,46843,207,0.091466140597,5412110.9921875,11572.9505328885
118,118,41,017,001602,41017001602,16.02,Census Tract 16.02,G5020,S,2155870,12769,+44.0604492,-121.3016034,41017001602,Deschutes County,Census Tract 16.02,16.02,457,1965,1939,26,0,26,302,1663,2360.68,1000,939,61,2.06,6,21,3,2,7,1611,129,186,0,0,0,0,50,44,92,73,60,20,9,185,1867,4,18,3,2,7,1392,93,144,0,0,0,0,38,34,72,0,0,0,0,0,0,26,2155870,12769,208,0.0847302484405,4200530.6875,10718.2443332944
119,119,41,017,002002,41017002002,20.02,Census Tract 20.02,G5020,S,8159622,0,+44.0214507,-121.3004864,41017002002,Deschutes County,Census Tract 20.02,20.02,466,9331,9324,7,7,0,2190,7141,2961.8,3929,3725,204,2.5,54,190,34,0,42,7150,543,1318,18,3,6,1,620,279,391,289,374,141,42,1145,8351,45,160,22,0,37,5695,342,840,15,3,3,1,375,184,259,0,0,7,0,0,0,0,8159622,0,217,0.132047823951,15784136.0078125,17506.2174934381
120,120,41,017,001301,41017001301,13.01,Census Tract 13.01,G5020,S,6630309,59656,+44.0739865,-121.3251815,41017001301,Deschutes County,Census Tract 13.01,13.01,450,5861,5850,11,0,11,1088,4773,2289.47,2754,2467,287,2.37,14,105,24,2,26,5162,294,234,1,2,4,0,30,70,127,109,213,53,15,263,5645,8,87,24,2,17,4269,207,159,0,0,3,0,23,51,82,0,0,0,0,0,0,11,6630309,59656,201,0.139602231409,12965765.0625,18016.9564490481
121,121,41,017,001501,41017001501,15.01,Census Tract 15.01,G5020,S,2386986,0,+44.0423798,-121.3035122,41017001501,Deschutes County,Census Tract 15.01,15.01,454,3915,3839,76,61,15,766,3149,4247.95,1836,1685,151,2.28,26,59,24,14,23,3015,214,540,10,2,2,0,233,121,172,153,119,56,21,459,3517,25,52,12,12,18,2518,153,359,10,2,2,0,152,80,113,0,0,61,0,0,0,15,2386986,0,205,0.0974181013439,4620670.5859375,12609.4407563339
122,122,41,017,001502,41017001502,15.02,Census Tract 15.02,G5020,S,2307691,110260,+44.0519759,-121.3118706,41017001502,Deschutes County,Census Tract 15.02,15.02,455,2234,2197,37,0,37,279,1955,2507.28,1383,1133,250,1.94,8,28,9,2,21,1913,131,122,1,0,0,0,14,46,61,69,70,27,24,121,2145,5,27,8,2,14,1701,98,100,0,0,0,0,14,38,48,0,0,0,0,0,0,37,2307691,110260,206,0.0941357877401,4682109.7265625,12112.8759366572
123,123,41,017,001702,41017001702,17.02,Census Tract 17.02,G5020,S,1742786,0,+44.0720903,-121.2807625,41017001702,Deschutes County,Census Tract 17.02,17.02,459,3487,3466,21,0,21,774,2713,5182.1,1485,1440,45,2.41,29,39,15,2,40,2836,226,300,7,0,0,0,75,90,128,158,95,56,20,277,3271,20,27,12,2,30,2283,155,184,4,0,0,0,47,53,80,0,0,0,0,0,0,21,1742786,0,210,0.0603182944504,3377002.4453125,7740.27352749295
124,124,41,017,001903,41017001903,19.03,Census Tract 19.03,G5020,S,6154348,0,+44.0505933,-121.2555140,41017001903,Deschutes County,Census Tract 19.03,19.03,463,6277,6231,46,46,0,1289,4988,2641.6,2783,2651,132,2.35,34,136,33,8,31,5091,367,577,10,3,3,0,185,160,216,205,245,80,38,503,5827,26,107,22,7,27,4149,247,403,8,3,2,0,132,119,139,0,0,46,0,0,0,0,6154348,0,214,0.117243165839,11916727.703125,15710.2068327246
125,125,41,017,000501,41017000501,5.01,Census Tract 5.01,G5020,S,336046336,194595,+44.3632055,-121.6403505,41017000501,Deschutes County,Census Tract 5.01,5.01,433,3057,3050,7,0,7,445,2612,23.56,2710,1329,1381,2.29,12,28,7,5,14,2758,143,90,2,0,0,0,5,17,66,77,66,20,15,119,2982,12,24,4,0,12,2395,116,49,1,0,0,0,5,9,34,0,0,0,0,0,0,7,336046336,194595,184,1.22599807413,657575008.828125,149806.374558207
126,126,41,047,001401,41047001401,14.01,Census Tract 14.01,G5020,S,8012787,479826,+45.0054126,-123.0500324,41047001401,Marion County,Census Tract 14.01,14.01,780,6495,6395,100,0,100,1388,5107,2099.39,2647,2551,96,2.51,71,191,62,49,25,4482,376,1239,27,1,10,0,461,384,356,301,305,140,84,876,5572,51,163,39,29,17,3803,249,756,24,0,4,0,317,196,215,0,0,0,0,0,0,100,8012787,479826,531,0.148090629638,16988347.6796875,18798.8569538058
127,127,41,047,002502,41047002502,25.02,Census Tract 25.02,G5020,S,120347052,1526158,+45.0618086,-122.9737520,41047002502,Marion County,Census Tract 25.02,25.02,807,6284,6277,7,0,7,1613,4671,135.24,2259,2146,113,2.92,36,164,32,21,25,3524,266,2216,90,5,6,0,1018,417,680,293,265,88,46,1739,4852,27,122,18,13,13,2965,170,1343,64,1,1,0,633,255,389,0,0,0,0,0,0,7,120347052,1526158,558,0.681920804457,244180185.75,86196.3819013848
128,128,41,047,002303,41047002303,23.03,Census Tract 23.03,G5020,S,3511281,0,+44.8772785,-123.0449984,41047002303,Marion County,Census Tract 23.03,23.03,804,8334,8096,238,15,223,2054,6280,6147.32,3106,2987,119,2.71,71,276,74,155,35,6143,548,1032,28,12,7,2,358,264,361,379,459,203,211,810,7271,51,220,52,93,26,4843,355,640,24,8,5,2,248,140,213,15,0,0,0,0,0,223,3511281,0,555,0.0950538879453,6992892.4296875,11744.7263486674
129,129,41,047,002304,41047002304,23.04,Census Tract 23.04,G5020,S,5544817,0,+44.8639744,-123.0408686,41047002304,Marion County,Census Tract 23.04,23.04,805,6799,6726,73,0,73,1474,5325,3175.82,2877,2796,81,2.41,37,360,97,38,39,5132,431,665,26,6,12,0,171,185,265,259,507,191,84,517,5995,31,275,69,31,32,4189,267,431,11,3,2,0,128,118,169,0,0,0,0,0,0,73,5544817,0,556,0.128385557161,11037698.8359375,16067.3417136933
130,130,41,047,010202,41047010202,102.02,Census Tract 102.02,G5020,S,60080621,179034,+45.1962857,-122.7962159,41047010202,Marion County,Census Tract 102.02,102.02,816,7972,7972,0,0,0,2023,5949,343.66,2758,2671,87,2.98,46,59,29,10,20,4833,285,2690,114,0,7,4,1543,402,620,366,110,85,25,2230,6109,42,52,23,4,18,3890,200,1720,81,0,3,4,1003,240,389,0,0,0,0,0,0,0,60080621,179034,567,0.572108723776,121385397.367188,73893.7160508458
131,131,41,047,010307,41047010307,103.07,Census Tract 103.07,G5020,S,7444151,0,+45.1585580,-122.8653372,41047010307,Marion County,Census Tract 103.07,103.07,820,6213,6213,0,0,0,1046,5167,2161.64,2748,2671,77,2.33,21,102,30,0,19,3811,209,2021,76,1,11,0,1045,265,623,229,165,97,18,1727,4860,18,96,20,0,17,3502,164,1350,59,1,4,0,723,162,401,0,0,0,0,0,0,0,7444151,0,571,0.146367158212,14970782.4453125,17402.3220428913
132,132,41,047,010201,41047010201,102.01,Census Tract 102.01,G5020,S,54514690,512052,+45.2274911,-122.8472194,41047010201,Marion County,Census Tract 102.01,102.01,815,2718,2718,0,0,0,556,2162,129.13,1063,1016,47,2.68,26,26,12,0,2,2040,140,472,24,1,3,2,219,74,149,128,62,38,11,397,2389,9,20,10,0,2,1731,98,292,15,0,3,1,142,45,86,0,0,0,0,0,0,0,54514690,512052,566,0.449233550888,110940357.171875,58097.1011098324
133,133,41,003,000202,41003000202,2.02,Census Tract 2.02,G5020,S,13690267,0,+44.5379846,-123.3076795,41003000202,Benton County,Census Tract 2.02,2.02,258,5256,5256,0,0,0,903,4353,994.35,2492,2313,179,2.27,13,328,45,10,23,4233,309,295,5,4,3,0,68,87,128,110,452,87,41,279,4750,13,270,30,10,15,3589,217,209,4,0,3,0,63,53,86,0,0,0,0,0,0,0,13690267,0,9,0.252278154302,26949213.9453125,31321.3399277232
134,134,41,003,010800,41003010800,108,Census Tract 108,G5020,S,8398112,106587,+44.5405029,-123.3596186,41003010800,Benton County,Census Tract 108,108,276,3859,3830,29,0,29,859,3000,1190.12,1572,1499,73,2.56,39,49,28,5,17,3057,261,403,12,0,0,0,140,132,119,170,135,64,19,317,3561,33,41,23,5,15,2432,179,272,9,0,0,0,93,81,89,0,0,0,0,0,0,29,8398112,106587,27,0.218776025709,16742838.5859375,27368.5995234291
135,135,41,003,010900,41003010900,109,Census Tract 109,G5020,S,49773946,386013,+44.5832422,-123.3606020,41003010900,Benton County,Census Tract 109,109,277,6041,5994,47,0,47,998,5043,314.34,2715,2474,241,2.42,40,617,61,15,31,4539,359,379,7,0,2,0,74,123,173,194,739,96,40,364,5176,26,542,54,12,28,3822,272,287,1,0,2,0,62,89,133,0,0,0,0,0,0,47,49773946,386013,28,0.478325088998,98895059.0625,61707.9286886581
136,136,41,041,950401,41041950401,9504.01,Census Tract 9504.01,G5020,S,6755452,1104068,+44.9392124,-124.0141240,41041950401,Lincoln County,Census Tract 9504.01,9504.01,715,2436,2428,8,0,8,453,1983,933.94,1477,1123,354,2.16,53,60,11,5,19,1763,148,377,4,0,1,0,183,85,104,151,89,31,22,310,2095,36,55,10,5,17,1518,117,225,3,0,1,0,113,37,71,0,0,0,0,0,0,8,6755452,1104068,466,0.16810215688,15688583.546875,22139.8852623154
137,137,41,041,950402,41041950402,9504.02,Census Tract 9504.02,G5020,S,2958950,2605653,+44.9619479,-124.0194569,41041950402,Lincoln County,Census Tract 9504.02,9504.02,716,2199,2199,0,0,0,343,1856,1924.8,1714,1029,685,2.14,40,33,14,3,12,1736,104,257,14,0,0,0,98,72,73,127,57,40,18,195,1965,35,25,12,2,12,1531,79,160,8,0,0,0,61,42,49,0,0,0,0,0,0,0,2958950,2605653,467,0.120059270059,11114218.46875,16346.3584886602
138,138,41,027,950100,41027950100,9501,Census Tract 9501,G5020,S,1080381908,18046053,+45.4966594,-121.6818391,41027950100,Hood River County,Census Tract 9501,9501,507,4449,4354,95,0,95,1042,3407,10.67,1963,1623,340,2.68,53,51,5,9,16,2796,228,1291,15,0,1,0,580,274,421,198,86,34,22,1068,3710,41,44,5,5,16,2290,151,855,10,0,1,0,403,174,267,0,0,0,0,0,0,95,1080381908,18046053,258,1.98960551693,2234934775.5,263288.683063201
139,139,41,027,950400,41027950400,9504,Census Tract 9504,G5020,S,198973542,2286236,+45.6149428,-121.5211869,41027950400,Hood River County,Census Tract 9504,9504,512,5519,5441,78,0,78,1311,4208,71.84,2038,1834,204,2.97,29,42,7,9,20,2363,176,2873,56,2,2,0,1263,539,1011,180,93,24,29,2346,4078,25,35,5,9,10,2004,112,2008,44,2,0,0,899,355,708,0,0,0,0,0,0,78,198973542,2286236,263,0.809149260416,411193658.953125,111189.362873081
140,140,41,053,020203,41053020203,202.03,Census Tract 202.03,G5020,S,2258271,0,+44.9185080,-123.3088569,41053020203,Polk County,Census Tract 202.03,202.03,1040,3051,2955,96,88,8,745,2306,3499.16,1162,1126,36,2.62,50,27,14,5,14,2474,201,266,9,4,5,0,45,100,103,176,67,61,14,183,2872,32,27,13,4,14,1939,131,146,5,2,0,0,29,58,52,35,0,53,0,0,0,8,2258271,0,791,0.129502010637,4503868.6328125,15922.0818569981
141,141,41,005,021700,41005021700,217,Census Tract 217,G5020,S,4464013,508908,+45.3906320,-122.6213643,41005021700,Clackamas County,Census Tract 217,217,306,6322,6251,71,15,56,1095,5227,3667.98,2920,2777,143,2.25,29,144,82,23,25,5026,395,598,20,1,6,0,225,134,212,242,237,165,61,530,5741,29,116,64,17,19,4309,276,397,9,0,4,0,166,76,142,0,0,15,0,0,0,56,4464013,508908,57,0.137599181037,10082769.4375,18214.4226906961
142,142,41,005,021801,41005021801,218.01,Census Tract 218.01,G5020,S,3752696,0,+45.4089152,-122.6037481,41005021801,Clackamas County,Census Tract 218.01,218.01,307,5775,5681,94,3,91,1069,4706,3985.72,2195,2142,53,2.65,14,175,59,7,33,4757,364,366,12,6,3,0,111,87,147,182,301,122,28,347,5340,14,160,51,7,19,3986,242,227,10,0,3,0,76,51,87,0,0,3,0,0,0,91,3752696,0,58,0.0923618246085,7613430.9765625,11786.7974136264
143,143,41,005,022000,41005022000,220,Census Tract 220,G5020,S,3606614,3390,+45.3885307,-122.5897297,41005022000,Clackamas County,Census Tract 220,220,310,6921,6776,145,112,33,1331,5590,4970.12,2743,2632,111,2.57,50,156,57,24,34,5665,389,546,18,4,9,1,164,123,227,228,303,151,61,456,6386,39,127,43,20,27,4692,242,400,18,0,9,1,122,94,156,0,0,112,0,0,0,33,3606614,3390,61,0.0986673722979,7319140.734375,13358.945921238
144,144,41,005,022101,41005022101,221.01,Census Tract 221.01,G5020,S,3256865,10910,+45.4084269,-122.5790239,41005022101,Clackamas County,Census Tract 221.01,221.01,311,6683,6613,70,8,62,1265,5418,5314.59,2688,2611,77,2.53,75,194,96,23,24,5066,400,805,32,2,7,0,268,148,348,296,308,209,53,702,5931,62,160,77,22,24,4272,271,530,22,2,7,0,188,87,224,0,0,8,0,0,0,62,3256865,10910,62,0.0964673765657,6629082.2578125,13540.3997114692
145,145,41,005,022400,41005022400,224,Census Tract 224,G5020,S,2934815,156697,+45.3571823,-122.5971128,41005022400,Clackamas County,Census Tract 224,224,324,4180,3993,187,153,34,832,3348,3688.87,1790,1697,93,2.35,30,50,33,12,24,3480,310,241,10,4,4,0,55,60,108,199,124,95,22,240,3944,21,40,26,10,24,2848,197,182,3,3,2,0,45,47,82,0,0,153,0,0,0,34,2934815,156697,75,0.110213410497,6260561.3828125,13806.5511091219
146,146,41,023,960100,41023960100,9601,Census Tract 9601,G5020,S,7090801381,1331501,+44.6276205,-118.8394135,41023960100,Grant County,Census Tract 9601,9601,501,2050,2033,17,17,0,350,1700,0.75,1376,951,425,2.14,18,3,2,1,3,1810,116,97,2,0,0,0,15,29,51,119,26,28,9,76,1998,18,3,0,1,2,1528,91,57,0,0,0,0,11,18,28,0,0,17,0,0,0,0,7090801381,1331501,252,6.71892110533,14004578430.3672,846457.55116805
147,147,41,005,022108,41005022108,221.08,Census Tract 221.08,G5020,S,7174289,161674,+45.4001540,-122.5450998,41005022108,Clackamas County,Census Tract 221.08,221.08,314,3168,3151,17,0,17,665,2503,1143.68,1385,1294,91,2.44,32,54,53,9,17,1870,209,924,22,2,8,0,464,154,274,194,96,107,17,771,2494,25,41,39,6,14,1639,153,586,15,2,2,0,296,84,187,0,0,0,0,0,0,17,7174289,161674,65,0.201565311035,14879382.421875,26785.5810104341
148,148,41,067,032604,41067032604,326.04,Census Tract 326.04,G5020,S,3152591,0,+45.5275408,-122.9922918,41067032604,Washington County,Census Tract 326.04,326.04,1209,6355,6309,46,12,34,1460,4895,5220.9,2453,2367,86,2.67,29,245,102,21,33,3715,319,1891,91,11,16,4,913,305,551,282,415,183,69,1507,4842,29,212,74,16,24,3092,206,1242,62,6,0,0,613,170,391,0,12,0,0,0,0,34,3152591,0,960,0.131485601258,6422749.8515625,16552.0580095189
149,149,41,067,031807,41067031807,318.07,Census Tract 318.07,G5020,S,1626149,0,+45.4745970,-122.8314193,41067031807,Washington County,Census Tract 318.07,318.07,1163,3748,3713,35,5,30,672,3076,5969.49,1664,1594,70,2.33,14,353,73,21,19,2543,233,492,5,0,8,0,220,90,169,120,452,121,41,430,3020,14,311,47,12,11,2193,150,338,3,0,6,0,159,57,113,0,0,5,0,0,0,30,1626149,0,914,0.0759277130111,3306747.421875,10363.4442191426
150,150,41,067,033400,41067033400,334,Census Tract 334,G5020,S,195336898,28859,+45.7154185,-123.1607624,41067033400,Washington County,Census Tract 334,334,1228,2398,2389,9,0,9,505,1893,31.8,896,853,43,2.8,18,30,2,0,10,2125,107,106,9,3,2,0,31,18,43,68,61,9,11,117,2287,18,17,2,0,10,1708,79,59,4,0,0,0,19,8,28,0,0,0,0,0,0,9,195336898,28859,979,0.842439383608,400638011.570313,106087.226637867
151,151,41,067,031507,41067031507,315.07,Census Tract 315.07,G5020,S,3336753,0,+45.5330529,-122.8159731,41067031507,Washington County,Census Tract 315.07,315.07,1131,5608,5598,10,0,10,1245,4363,4352.93,2318,2232,86,2.51,7,776,109,35,24,3672,423,562,18,4,4,3,207,113,213,122,985,208,62,505,4401,7,590,86,23,14,2991,255,397,15,0,0,2,140,89,151,0,0,0,0,0,0,10,3336753,0,882,0.093334532371,6799249.390625,12832.4606385433
152,152,41,067,030501,41067030501,305.01,Census Tract 305.01,G5020,S,3562309,0,+45.4634266,-122.7717755,41067030501,Washington County,Census Tract 305.01,305.01,1105,5344,5179,165,93,72,963,4381,3885.37,2411,2278,133,2.27,17,195,83,36,28,4157,319,509,27,4,4,0,182,116,176,144,354,141,58,433,4754,11,178,60,18,21,3535,198,360,21,4,4,0,138,79,114,0,0,93,0,0,0,72,3562309,0,856,0.0898221815726,7241046.671875,11235.1192454057
153,153,41,051,010200,41051010200,102,Census Tract 102,G5020,S,27511084,14926976,+45.5782830,-122.5033830,41051010200,Multnomah County,Census Tract 102,102,1015,7130,7011,119,0,119,1450,5680,671.24,2796,2690,106,2.61,56,576,350,50,32,3840,416,1810,93,4,5,0,1012,180,516,376,713,472,102,1591,4880,41,465,260,33,22,3411,277,1171,70,2,4,0,662,116,317,0,0,0,0,0,0,119,27511084,14926976,766,0.470684315916,86574856.3046875,56504.5210560477
154,154,41,051,002401,41051002401,24.01,Census Tract 24.01,G5020,S,842230,0,+45.5437050,-122.6525549,41051002401,Multnomah County,Census Tract 24.01,24.01,877,2794,2794,0,0,0,589,2205,8591.98,1176,1115,61,2.51,2,102,175,4,18,2096,224,173,4,0,4,0,32,35,98,54,205,238,14,195,2436,0,88,159,4,13,1691,134,116,3,0,0,0,25,28,60,0,0,0,0,0,0,0,842230,0,628,0.0411217337443,1716846.140625,5459.36998364457
155,155,41,051,002402,41051002402,24.02,Census Tract 24.02,G5020,S,901603,0,+45.5340820,-122.6519193,41051002402,Multnomah County,Census Tract 24.02,24.02,878,3830,3766,64,31,33,270,3560,11002.24,2464,2189,275,1.72,27,135,180,4,17,2905,254,308,11,0,7,0,101,85,104,128,230,261,14,257,3334,27,132,163,4,17,2747,200,270,11,0,5,0,87,84,83,0,0,31,0,0,0,33,901603,0,629,0.0456868362018,1837255.5703125,6069.19817662256
156,156,41,051,002501,41051002501,25.01,Census Tract 25.01,G5020,S,1338433,0,+45.5435963,-122.6389909,41051002501,Multnomah County,Census Tract 25.01,25.01,879,4672,4665,7,0,7,1094,3578,9040.74,1775,1739,36,2.68,5,126,75,4,19,3906,304,233,0,7,5,0,25,46,150,59,289,138,25,242,4396,2,116,61,4,11,3075,155,154,0,4,2,0,14,32,102,0,0,0,0,0,0,7,1338433,0,630,0.051793446031,2728323.0625,6648.9398805177
157,157,41,051,002502,41051002502,25.02,Census Tract 25.02,G5020,S,1112906,0,+45.5349354,-122.6391165,41051002502,Multnomah County,Census Tract 25.02,25.02,880,4614,4576,38,0,38,589,4025,10737.84,2496,2350,146,1.95,24,197,163,3,29,3462,373,363,5,5,6,0,84,116,147,126,366,263,13,337,4076,21,188,147,0,25,3067,272,305,5,0,4,0,79,105,112,0,0,0,0,0,0,38,1112906,0,631,0.0484306433476,2267907.40625,6162.54651916379
158,158,41,051,006502,41051006502,65.02,Census Tract 65.02,G5020,S,1922663,0,+45.4617016,-122.7137131,41051006502,Multnomah County,Census Tract 65.02,65.02,948,4419,4387,32,0,32,674,3745,5952.76,2228,2088,140,2.1,17,161,113,11,31,3383,325,378,6,6,9,0,85,110,162,123,301,202,27,352,3950,12,150,93,11,22,2926,236,295,6,6,4,0,78,83,118,0,0,0,0,0,0,32,1922663,0,699,0.0810080906324,3907936.515625,10005.8832038123
159,159,41,051,006601,41051006601,66.01,Census Tract 66.01,G5020,S,1575378,0,+45.4719194,-122.7334213,41051006601,Multnomah County,Census Tract 66.01,66.01,949,2752,2684,68,0,68,569,2183,4524.4,1163,1112,51,2.41,5,104,24,1,13,2269,206,130,4,2,0,0,20,45,59,71,197,48,12,136,2572,3,79,19,0,9,1855,140,78,4,2,0,0,15,25,32,0,0,0,0,0,0,68,1575378,0,700,0.0586940507794,3203202.0625,7372.15501703367
160,160,41,051,006602,41051006602,66.02,Census Tract 66.02,G5020,S,2519784,0,+45.4710787,-122.7074034,41051006602,Multnomah County,Census Tract 66.02,66.02,950,5551,5551,0,0,0,1051,4500,5705.66,2669,2532,137,2.19,38,199,221,24,56,4096,439,478,28,7,8,0,142,125,168,183,403,345,52,429,4813,29,170,139,20,46,3468,289,339,25,7,0,0,105,88,114,0,0,0,0,0,0,0,2519784,0,701,0.0841349199143,5123303.265625,10212.6370847764
161,161,41,051,006701,41051006701,67.01,Census Tract 67.01,G5020,S,1850323,2883,+45.4809354,-122.7314695,41051006701,Multnomah County,Census Tract 67.01,67.01,951,3164,3079,85,85,0,678,2486,4428.81,1398,1325,73,2.32,7,134,67,5,12,2513,227,199,1,1,5,2,49,45,96,57,249,119,21,185,2869,5,114,46,0,12,2062,114,133,1,1,2,2,34,31,62,0,0,85,0,0,0,0,1850323,2883,702,0.0693083404284,3769391.1796875,8718.19119906096
162,162,41,051,006702,41051006702,67.02,Census Tract 67.02,G5020,S,1386621,0,+45.4797135,-122.7133389,41051006702,Multnomah County,Census Tract 67.02,67.02,952,3298,3222,76,76,0,650,2648,6160.14,1461,1392,69,2.31,13,136,94,2,34,2585,243,191,6,2,1,1,48,52,81,77,254,167,17,194,2946,13,122,65,2,25,2140,137,144,6,2,1,1,41,32,61,0,0,76,0,0,0,0,1386621,0,703,0.0730412596901,2820182.6640625,8839.74061952911
163,163,41,051,006801,41051006801,68.01,Census Tract 68.01,G5020,S,1422043,0,+45.4926851,-122.7354797,41051006801,Multnomah County,Census Tract 68.01,68.01,953,2373,2350,23,0,23,479,1894,4321.98,1100,1064,36,2.21,10,125,56,6,14,1835,198,129,3,0,4,0,39,20,63,71,217,97,24,145,2107,10,100,47,6,14,1512,104,101,2,0,3,0,33,14,49,0,0,0,0,0,0,23,1422043,0,704,0.0511626648669,2893553.8203125,6661.88853625127
164,164,41,051,006802,41051006802,68.02,Census Tract 68.02,G5020,S,2226482,0,+45.4914008,-122.7185357,41051006802,Multnomah County,Census Tract 68.02,68.02,954,3656,3649,7,0,7,802,2854,4252.9,1495,1442,53,2.53,11,157,33,2,40,2921,253,239,13,0,2,0,69,69,86,70,286,89,17,245,3319,11,128,18,2,31,2341,153,170,11,0,2,0,56,46,55,0,0,0,0,0,0,7,2226482,0,705,0.0780250959089,4530200.84375,10268.467625001
165,165,41,051,010303,41051010303,103.03,Census Tract 103.03,G5020,S,5356195,2720,+45.5345507,-122.4067778,41051010303,Multnomah County,Census Tract 103.03,103.03,1016,5717,5662,55,7,48,1308,4409,2764.46,2205,2148,57,2.64,38,332,156,58,25,3670,382,1056,58,9,4,0,551,181,253,256,463,268,106,870,4462,24,268,116,46,19,2982,282,672,43,9,0,0,365,102,153,0,7,0,0,0,0,48,5356195,2720,767,0.144643789579,10918636.0625,18295.9196184712
166,166,41,051,010304,41051010304,103.04,Census Tract 103.04,G5020,S,2152276,0,+45.5344582,-122.4241273,41051010304,Multnomah County,Census Tract 103.04,103.04,1017,5140,5025,115,47,68,1548,3592,6185.33,1602,1549,53,3.24,52,212,188,56,13,2239,272,2108,197,5,11,0,1166,280,449,429,291,323,83,1633,3174,37,171,132,40,10,1776,162,1264,113,0,10,0,743,147,251,0,0,47,0,0,0,68,2152276,0,768,0.0845845991876,4385885.78125,10750.6313052964
167,167,41,029,001403,41029001403,14.03,Census Tract 14.03,G5020,S,20699170,53921,+42.4600386,-122.7924962,41029001403,Jackson County,Census Tract 14.03,14.03,542,4617,4610,7,0,7,849,3768,577.7,2005,1917,88,2.4,44,46,31,5,31,3795,266,399,17,0,2,0,81,125,174,229,86,73,22,323,4351,39,38,27,2,20,3194,196,252,11,0,1,0,63,75,102,0,0,0,0,0,0,7,20699170,53921,293,0.238428830411,38152811.2578125,29616.5965074417
168,168,41,029,000901,41029000901,9.01,Census Tract 9.01,G5020,S,26543910,70630,+42.3663415,-122.9457242,41029000901,Jackson County,Census Tract 9.01,9.01,531,3431,3417,14,0,14,763,2668,334.78,1288,1227,61,2.78,25,59,14,5,22,2738,191,377,12,0,0,0,147,112,106,142,93,35,12,316,3140,20,52,14,4,16,2173,137,252,12,0,0,0,105,68,67,0,0,0,0,0,0,14,26543910,70630,282,0.335248204693,48783211.28125,43231.6590132267
169,169,41,029,000701,41029000701,7.01,Census Tract 7.01,G5020,S,5987347,16509,+42.3051898,-122.8684909,41029000701,Jackson County,Census Tract 7.01,7.01,528,5171,5159,12,0,12,1219,3952,2236.86,2037,1924,113,2.68,33,59,17,12,26,3519,332,1173,46,0,3,8,433,288,395,263,136,83,56,884,4521,30,52,11,12,22,2860,214,751,29,0,2,8,313,148,251,0,0,0,0,0,0,12,5987347,16509,279,0.13759626431,10983053.140625,16672.0893459028
170,170,41,029,000702,41029000702,7.02,Census Tract 7.02,G5020,S,8257342,0,+42.2945902,-122.8933405,41029000702,Jackson County,Census Tract 7.02,7.02,529,5810,5810,0,0,0,1518,4292,1822.36,2170,2095,75,2.77,48,74,30,18,36,4437,330,837,16,3,6,4,256,202,350,251,148,97,48,685,5290,35,51,22,14,22,3416,215,517,9,2,6,4,191,120,185,0,0,0,0,0,0,0,8257342,0,280,0.143068978846,15101333.5234375,18543.0508136438
171,171,41,029,001303,41029001303,13.03,Census Tract 13.03,G5020,S,1979532,0,+42.4312357,-122.8280910,41029001303,Jackson County,Census Tract 13.03,13.03,538,5791,5791,0,0,0,1655,4136,7576.85,1923,1885,38,3.07,37,36,26,22,33,3072,321,2244,41,0,12,0,1232,385,574,321,111,94,57,1866,4295,33,35,18,22,23,2365,207,1433,39,0,8,0,810,221,355,0,0,0,0,0,0,0,1979532,0,289,0.065303906252,3635904.46875,8129.03683917993
172,172,41,029,001304,41029001304,13.04,Census Tract 13.04,G5020,S,94189193,1049160,+42.3757357,-122.7765752,41029001304,Jackson County,Census Tract 13.04,13.04,539,5592,5583,9,0,9,1161,4431,153.77,2148,2040,108,2.74,30,170,23,9,32,4290,352,686,10,2,2,0,258,155,259,187,268,69,23,641,5048,24,132,18,8,32,3558,238,421,10,2,1,0,166,91,151,0,0,0,0,0,0,9,94189193,1049160,290,0.547947157215,174631450.898438,70731.4042631119
173,173,41,029,002901,41029002901,29.01,Census Tract 29.01,G5020,S,68016288,557518,+42.4658651,-123.1398296,41029002901,Jackson County,Census Tract 29.01,29.01,561,3949,3949,0,0,0,652,3297,150.37,1903,1808,95,2.18,41,29,31,10,13,3324,226,275,9,0,4,0,46,132,84,169,82,56,35,185,3756,30,23,23,8,13,2842,152,206,9,0,4,0,39,94,60,0,0,0,0,0,0,0,68016288,557518,312,0.510747510024,126060600.046875,65693.0494923563
174,174,41,029,000606,41029000606,6.06,Census Tract 6.06,G5020,S,9489763,12206,+42.3032901,-122.8123692,41029000606,Jackson County,Census Tract 6.06,6.06,527,2255,2255,0,0,0,253,2002,615.44,1309,1195,114,1.89,7,88,9,1,4,1896,95,155,6,0,0,0,34,45,70,51,119,22,11,128,2104,4,85,9,1,4,1726,69,104,1,0,0,0,23,33,47,0,0,0,0,0,0,0,9489763,12206,278,0.217860767783,17382805.65625,27358.0606564059
175,175,41,029,000603,41029000603,6.03,Census Tract 6.03,G5020,S,6867561,0,+42.3253096,-122.8074395,41029000603,Jackson County,Census Tract 6.03,6.03,524,4063,4020,43,4,39,899,3164,1532.29,1632,1573,59,2.56,12,141,18,3,19,3350,212,308,2,1,0,2,43,98,162,115,201,43,22,273,3818,8,105,10,0,19,2693,136,193,0,1,0,2,31,59,100,0,4,0,0,0,0,39,6867561,0,275,0.158472699063,12571826.015625,19116.4737787826
176,176,41,029,000604,41029000604,6.04,Census Tract 6.04,G5020,S,2565303,0,+42.3195833,-122.8242063,41029000604,Jackson County,Census Tract 6.04,6.04,525,3955,3871,84,69,15,933,3022,3993.06,1639,1520,119,2.55,24,58,21,21,21,3170,256,384,24,0,2,1,79,129,149,158,106,65,32,317,3690,18,54,18,11,11,2523,157,230,16,0,0,1,57,67,89,0,0,69,0,0,0,15,2565303,0,276,0.116688315275,4695557.125,14365.1829580135
177,177,41,029,000605,41029000605,6.05,Census Tract 6.05,G5020,S,1986522,0,+42.3131728,-122.8295277,41029000605,Jackson County,Census Tract 6.05,6.05,526,3865,3736,129,76,53,651,3214,5039.11,1915,1814,101,2.06,26,110,30,22,21,2978,187,491,12,1,4,0,143,137,194,115,153,71,38,423,3485,21,99,22,9,15,2588,140,320,6,1,4,0,100,85,124,0,0,76,0,0,0,53,1986522,0,277,0.0828426876004,3635151.3125,10126.941382003
178,178,41,029,001401,41029001401,14.01,Census Tract 14.01,G5020,S,3027301,0,+42.4784789,-122.8021595,41029001401,Jackson County,Census Tract 14.01,14.01,540,5595,5574,21,0,21,1489,4106,4786.77,2104,2040,64,2.73,48,50,32,14,36,4533,323,559,13,1,7,0,122,188,228,263,118,75,22,444,5267,37,35,21,8,22,3431,205,347,10,0,7,0,87,104,139,0,0,0,0,0,0,21,3027301,0,291,0.100229951795,5568731.6484375,12734.5059962656
179,179,41,029,001402,41029001402,14.02,Census Tract 14.02,G5020,S,56105619,703447,+42.4914283,-122.8292850,41029001402,Jackson County,Census Tract 14.02,14.02,541,1556,1548,8,0,8,313,1243,71.83,618,568,50,2.73,12,7,3,0,11,1290,108,125,1,0,0,1,44,37,42,89,14,17,4,118,1473,9,7,3,0,11,1062,75,76,1,0,0,1,29,21,24,0,0,0,0,0,0,8,56105619,703447,292,0.595832121277,104525165.507813,75413.3484671687
180,180,41,029,001802,41029001802,18.02,Census Tract 18.02,G5020,S,6992453,1056,+42.2069827,-122.7079230,41029001802,Jackson County,Census Tract 18.02,18.02,549,4099,4079,20,0,20,631,3468,1518.26,2108,1946,162,2.1,23,89,23,6,22,3451,256,229,14,0,0,2,43,64,106,120,186,78,35,223,3863,22,78,17,4,21,3008,174,144,5,0,0,0,29,33,77,0,0,0,0,0,0,20,6992453,1056,300,0.166883465101,12755177.421875,20425.7016759674
181,181,41,029,001801,41029001801,18.01,Census Tract 18.01,G5020,S,4344305,0,+42.1830103,-122.6712926,41029001801,Jackson County,Census Tract 18.01,18.01,548,4258,4249,9,0,9,730,3528,2538.53,2255,2103,152,2.02,30,80,58,9,57,3327,270,427,27,2,3,1,110,115,169,202,164,117,27,366,3870,21,76,49,9,43,2848,187,295,21,2,3,1,82,84,102,0,0,0,0,0,0,9,4344305,0,299,0.0988830036444,7917197.0234375,12462.6189943564
182,182,41,029,001702,41029001702,17.02,Census Tract 17.02,G5020,S,14192744,37144,+42.2403866,-122.7911897,41029001702,Jackson County,Census Tract 17.02,17.02,547,4133,4082,51,51,0,642,3491,754.22,2039,1910,129,2.14,36,61,21,6,39,3266,251,453,20,0,3,2,153,115,160,232,96,67,18,387,3785,23,53,12,6,39,2836,194,328,18,0,3,1,108,72,126,51,0,0,0,0,0,0,14192744,37144,298,0.311916729682,25979700.4609375,39533.5784465688
183,183,41,029,001701,41029001701,17.01,Census Tract 17.01,G5020,S,3149786,0,+42.2288680,-122.7606710,41029001701,Jackson County,Census Tract 17.01,17.01,546,3254,3254,0,0,0,638,2616,2675.68,1469,1399,70,2.33,17,42,7,10,34,2312,137,695,34,1,1,0,245,163,251,132,82,37,15,551,2846,15,33,3,6,22,1984,104,449,17,1,0,0,180,94,157,0,0,0,0,0,0,0,3149786,0,297,0.158595784291,5748531.21875,19583.838873977
184,184,41,029,000902,41029000902,9.02,Census Tract 9.02,G5020,S,3368283,0,+42.3728081,-122.9254126,41029000902,Jackson County,Census Tract 9.02,9.02,532,6333,6254,79,70,9,1456,4877,4869.66,2563,2511,52,2.49,33,113,39,19,28,5138,342,621,16,1,2,0,185,195,222,237,194,79,44,491,5887,24,92,31,18,16,4088,232,376,10,1,2,0,131,110,122,0,0,70,0,0,0,9,3368283,0,283,0.0931714607449,6175270.8125,12219.2373710387
185,185,41,029,002902,41029002902,29.02,Census Tract 29.02,G5020,S,552393923,17984,+42.6269099,-123.1133427,41029002902,Jackson County,Census Tract 29.02,29.02,562,4021,4010,11,0,11,596,3425,18.85,1733,1623,110,2.47,24,38,16,5,22,3524,194,198,10,0,0,2,31,78,77,152,87,27,32,156,3860,22,27,14,5,15,3031,164,147,5,0,0,1,25,59,57,0,0,0,0,0,0,11,552393923,17984,313,1.3047610452,1021015219.71875,171999.347815512
186,186,41,029,002702,41029002702,27.02,Census Tract 27.02,G5020,S,194894958,331717,+42.6736714,-122.8720314,41029002702,Jackson County,Census Tract 27.02,27.02,559,3964,3964,0,0,0,641,3323,52.68,1900,1749,151,2.27,49,26,12,7,52,3405,195,218,5,1,0,0,25,98,89,199,50,23,19,193,3779,39,18,12,4,46,2886,171,147,5,1,0,0,15,60,66,0,0,0,0,0,0,0,194894958,331717,310,0.895789790267,361369475.507813,119388.408707014
187,187,41,029,002701,41029002701,27.01,Census Tract 27.01,G5020,S,463648235,1554839,+42.6896480,-122.7878813,41029002701,Jackson County,Census Tract 27.01,27.01,558,3510,3510,0,0,0,605,2905,19.61,1512,1379,133,2.55,40,21,1,0,27,3011,217,193,7,0,4,0,53,63,66,180,43,33,7,191,3351,29,17,0,0,24,2546,149,140,3,0,3,0,41,36,57,0,0,0,0,0,0,0,463648235,1554839,309,1.88505800587,861483530.046875,245015.809296363
188,188,41,071,030304,41071030304,303.04,Census Tract 303.04,G5020,S,56797296,76865,+45.2739825,-123.0766201,41071030304,Yamhill County,Census Tract 303.04,303.04,1238,6580,6562,18,0,18,1664,4916,300.05,2264,2174,90,3.02,80,79,21,10,63,4741,347,1239,52,4,5,7,558,258,355,346,169,85,44,1003,5672,58,64,19,9,29,3704,247,786,33,4,5,5,376,148,215,0,0,0,0,0,0,18,56797296,76865,989,0.428719975236,114862224.046875,54372.0029539995
189,189,41,071,030703,41071030703,307.03,Census Tract 307.03,G5020,S,3146626,0,+45.2152090,-123.2051800,41071030703,Yamhill County,Census Tract 307.03,307.03,1245,4511,4494,17,0,17,1002,3509,3713,1773,1706,67,2.63,38,51,21,2,32,3160,222,985,20,0,5,0,543,201,216,170,109,45,15,842,3788,34,47,12,2,25,2638,138,613,15,0,1,0,355,107,135,0,0,0,0,0,0,17,3146626,0,996,0.143829068876,6342054.828125,18803.5195314259
190,190,41,071,030704,41071030704,307.04,Census Tract 307.04,G5020,S,2692367,0,+45.2184827,-123.2193948,41071030704,Yamhill County,Census Tract 307.04,307.04,1246,3723,3608,115,12,103,683,3040,3581.43,1659,1521,138,2.37,28,71,18,11,33,2932,197,433,7,1,3,0,205,101,116,132,119,47,18,393,3336,18,59,11,7,20,2507,124,294,6,1,2,0,138,63,84,0,0,12,0,0,0,103,2692367,0,997,0.07939761417,5425904.6875,10506.0713729459
191,191,41,071,030303,41071030303,303.03,Census Tract 303.03,G5020,S,11659011,462733,+45.2814622,-122.9980045,41071030303,Yamhill County,Census Tract 303.03,303.03,1237,4170,4146,24,0,24,935,3235,926.34,1553,1496,57,2.77,24,56,16,7,14,3318,225,510,8,1,0,0,208,118,175,170,120,60,22,420,3820,20,50,10,5,11,2665,132,342,8,1,0,0,139,66,128,0,0,0,0,0,0,24,11659011,462733,988,0.194776302615,24481086.15625,24810.3736193325
192,192,41,055,950100,41055950100,9501,Census Tract 9501,G5020,S,2133151635,19617472,+45.3992158,-120.6785124,41055950100,Sherman County,Census Tract 9501,9501,1048,1870,1870,0,0,0,362,1508,2.27,918,826,92,2.26,19,7,0,0,3,1610,112,119,0,1,0,3,38,33,44,86,54,19,28,121,1771,12,7,0,0,3,1325,69,92,0,0,0,3,29,21,39,0,0,0,0,0,0,0,2133151635,19617472,799,3.46093474888,4367029591.82813,444060.978524216
193,193,41,005,024402,41005024402,244.02,Census Tract 244.02,G5020,S,3988745,0,+45.3183534,-122.7610321,41005024402,Clackamas County,Census Tract 244.02,244.02,363,5115,5003,112,112,0,1022,4093,3321.29,2380,2253,127,2.22,27,350,73,17,10,3630,284,724,17,5,3,0,228,204,267,159,464,140,40,522,4367,25,288,65,10,10,3038,161,496,14,1,0,0,170,138,173,0,0,112,0,0,0,0,3988745,0,114,0.0993703648498,8066614.34375,13630.1897148744
194,194,41,005,023300,41005023300,233,Census Tract 233,G5020,S,39811817,19864,+45.4308103,-122.3901666,41005023300,Clackamas County,Census Tract 233,233,346,5294,5264,30,15,15,1042,4252,344.41,1940,1857,83,2.83,30,115,22,0,20,4439,298,370,14,0,9,0,117,85,145,179,215,68,18,331,4962,22,94,19,0,18,3639,205,255,14,0,8,0,86,53,94,0,0,15,0,0,0,15,39811817,19864,97,0.317513388298,80866588.0390625,42015.200234827
195,195,41,005,020404,41005020404,204.04,Census Tract 204.04,G5020,S,3042613,601917,+45.4044858,-122.6914809,41005020404,Clackamas County,Census Tract 204.04,204.04,287,3940,3940,0,0,0,923,3017,3353.88,1560,1489,71,2.65,4,178,23,6,12,3273,236,208,6,4,0,1,24,42,131,76,290,54,17,205,3675,4,138,13,6,5,2581,133,137,4,4,0,1,21,29,78,0,0,0,0,0,0,0,3042613,601917,38,0.105791255663,7392776.8828125,13161.5052516328
196,196,41,005,020503,41005020503,205.03,Census Tract 205.03,G5020,S,2352120,18518,+45.4041623,-122.6674282,41005020503,Clackamas County,Census Tract 205.03,205.03,288,2674,2674,0,0,0,683,1991,2944.42,1069,1026,43,2.61,0,106,11,2,20,2284,135,116,1,0,0,0,15,30,70,41,174,24,17,119,2513,0,84,5,2,15,1754,62,69,1,0,0,0,15,7,46,0,0,0,0,0,0,0,2352120,18518,39,0.0792874046912,4808570.921875,9941.08401271377
197,197,41,005,020700,41005020700,207,Census Tract 207,G5020,S,3141054,407647,+45.3496750,-122.6603465,41005020700,Clackamas County,Census Tract 207,207,295,4116,4101,15,0,15,1040,3076,3393.89,1555,1509,46,2.72,6,118,33,7,15,3453,255,229,4,0,5,1,41,54,124,85,215,75,26,243,3877,6,89,23,7,15,2648,139,149,0,0,2,1,27,43,76,0,0,0,0,0,0,15,3141054,407647,46,0.120874231957,7183715.5625,15169.5183796634
198,198,41,005,020900,41005020900,209,Census Tract 209,G5020,S,1763509,0,+45.4550889,-122.6277083,41005020900,Clackamas County,Census Tract 209,209,297,3893,3866,27,0,27,679,3214,5717.48,1685,1621,64,2.38,16,75,56,11,40,3112,271,312,10,0,0,2,102,93,105,150,151,114,23,287,3566,16,68,41,11,25,2618,198,237,10,0,0,2,85,63,77,0,0,0,0,0,0,27,1763509,0,48,0.0651343807081,3583612.890625,8635.93032057131
199,199,41,005,021000,41005021000,210,Census Tract 210,G5020,S,2458551,247,+45.4533417,-122.6109135,41005021000,Clackamas County,Census Tract 210,210,298,4642,4562,80,26,54,862,3780,4890.17,1963,1889,74,2.42,35,112,50,10,44,3630,330,431,35,5,4,2,120,93,172,220,225,126,28,377,4202,32,97,49,10,34,3041,226,291,23,5,0,2,90,59,112,0,26,0,0,0,0,54,2458551,247,49,0.0716727113723,4996377.1171875,9245.20234783333
200,200,41,005,021100,41005021100,211,Census Tract 211,G5020,S,2476296,3783,+45.4431814,-122.6103187,41005021100,Clackamas County,Census Tract 211,211,299,5276,5188,88,59,29,891,4385,5518.23,2259,2190,69,2.37,35,136,71,38,24,4123,348,501,12,0,0,0,187,126,176,184,252,144,64,443,4748,31,122,48,30,24,3545,249,336,7,0,0,0,142,88,99,0,8,51,0,0,0,29,2476296,3783,50,0.0855778050328,5037497.109375,10679.4196238965
201,201,41,005,021200,41005021200,212,Census Tract 212,G5020,S,1983884,323315,+45.4302863,-122.6437862,41005021200,Clackamas County,Census Tract 212,212,300,3889,3779,110,88,22,512,3377,5077.14,2028,1880,148,2.01,21,86,60,13,16,3081,263,349,12,0,4,0,119,75,139,146,161,143,40,308,3539,17,80,44,13,15,2774,195,239,2,0,4,0,82,48,103,0,0,88,0,0,0,22,1983884,323315,51,0.0747994689881,4684333.09375,9926.09404162632
202,202,41,005,021400,41005021400,214,Census Tract 214,G5020,S,3310141,26034,+45.4217042,-122.6227386,41005021400,Clackamas County,Census Tract 214,214,302,5126,5035,91,17,74,852,4274,4010.79,2191,2089,102,2.41,37,125,75,16,24,4076,307,466,24,0,3,0,131,93,215,195,211,133,30,429,4681,34,116,57,9,24,3500,203,331,24,0,1,0,101,63,142,0,0,17,0,0,0,74,3310141,26034,53,0.121262831084,6771457,16063.5693996554
203,203,41,019,990000,41019990000,9900,Census Tract 9900,G5020,S,0,145009623,+43.7367426,-124.2278165,41019990000,Douglas County,Census Tract 9900,9900,499,0,0,0,0,0,0,0,0,0,0,0,0,0,0,0,0,0,0,0,0,0,0,0,0,0,0,0,0,0,0,0,0,0,0,0,0,0,0,0,0,0,0,0,0,0,0,0,0,0,0,0,0,0,0,0,0,145009623,250,0.656056182854,277862082.914063,94068.5386902678
204,204,41,067,032005,41067032005,320.05,Census Tract 320.05,G5020,S,3256848,0,+45.3887365,-122.7503440,41067032005,Washington County,Census Tract 320.05,320.05,1185,4975,4974,1,0,1,1173,3802,3956.34,2216,2120,96,2.35,18,205,80,135,38,2337,291,1871,60,1,14,4,1003,319,470,217,320,184,185,1530,3355,18,160,61,76,36,2040,199,1212,42,1,7,0,654,193,315,0,0,0,0,0,0,1,3256848,0,936,0.0894391032569,6602767.484375,12851.909213911
205,205,41,039,002506,41039002506,25.06,Census Tract 25.06,G5020,S,2610869,0,+44.0774373,-123.1983098,41039002506,Lane County,Census Tract 25.06,25.06,669,4438,4438,0,0,0,1139,3299,4402.51,1630,1589,41,2.79,20,211,80,15,15,3358,317,422,23,0,4,0,132,121,142,170,327,167,57,315,3914,15,158,51,13,11,2572,179,300,19,0,4,0,101,77,99,0,0,0,0,0,0,0,2610869,0,420,0.0698715506402,5059997.625,9052.39404909246
206,206,41,039,002505,41039002505,25.05,Census Tract 25.05,G5020,S,1960812,0,+44.0774596,-123.1806244,41039002505,Lane County,Census Tract 25.05,25.05,668,4498,4480,18,0,18,854,3644,5941.3,1912,1865,47,2.4,41,58,42,16,40,3320,315,666,25,2,3,0,341,129,166,247,133,100,43,569,3916,32,57,36,11,20,2828,214,446,25,0,2,0,231,73,115,0,0,0,0,0,0,18,1960812,0,419,0.0602809894344,3800168.1875,7975.35268513476
207,207,41,039,004406,41039004406,44.06,Census Tract 44.06,G5020,S,1713056,0,+44.0411733,-123.1562044,41039004406,Lane County,Census Tract 44.06,44.06,698,3251,3219,32,0,32,738,2513,4915.22,1296,1247,49,2.58,40,168,56,17,10,2141,221,598,46,4,2,0,246,167,133,198,231,127,36,402,2648,28,149,47,17,8,1742,129,393,34,4,1,0,172,93,89,0,0,0,0,0,0,32,1713056,0,449,0.0599922404623,3315952.3984375,8068.13241480105
208,208,41,039,004407,41039004407,44.07,Census Tract 44.07,G5020,S,1391476,0,+44.0419061,-123.1421648,41039004407,Lane County,Census Tract 44.07,44.07,699,3654,3504,150,0,150,719,2935,6801.28,1686,1574,112,2.23,36,64,76,20,29,2647,337,445,17,1,5,2,172,122,126,230,145,189,56,346,3206,31,57,68,11,20,2240,220,288,9,1,0,0,123,76,79,0,0,0,0,0,0,150,1391476,0,450,0.0642549723622,2693544.4296875,8324.13715011219
209,209,41,039,002204,41039002204,22.04,Census Tract 22.04,G5020,S,5808334,29291,+44.1007864,-123.0578046,41039002204,Lane County,Census Tract 22.04,22.04,660,3230,3219,11,11,0,514,2716,1440.29,1710,1599,111,2.01,16,230,55,6,22,2525,149,227,7,0,0,0,60,72,88,91,278,102,20,178,2816,13,187,49,6,19,2170,112,160,7,0,0,0,57,53,43,0,0,0,11,0,0,0,5808334,29291,411,0.101954703013,11322297.4453125,13924.5031630768
210,210,41,039,003104,41039003104,31.04,Census Tract 31.04,G5020,S,3957645,0,+44.0558084,-123.0644930,41039003104,Lane County,Census Tract 31.04,31.04,679,5214,5059,155,40,115,646,4568,3412.18,2579,2460,119,2.06,48,517,181,25,27,3339,398,679,11,7,10,3,270,220,158,241,681,313,56,451,4082,43,492,160,25,27,2962,308,551,9,7,10,3,223,184,115,0,40,0,0,0,0,115,3957645,0,430,0.0957204471938,7664556.7265625,12035.1713480566
211,211,41,039,003801,41039003801,38.01,Census Tract 38.01,G5020,S,510998,0,+44.0425601,-123.0873728,41039003801,Lane County,Census Tract 38.01,38.01,688,3039,2966,73,0,73,169,2870,15403.14,1703,1556,147,1.91,11,162,66,20,11,2177,239,353,11,3,6,3,76,156,98,100,270,151,35,198,2654,11,146,59,20,11,2085,207,331,11,1,6,3,76,151,83,0,0,0,0,42,0,31,510998,0,439,0.0360673902465,989179.4375,4492.14121097316
212,212,41,039,002203,41039002203,22.03,Census Tract 22.03,G5020,S,3457298,40281,+44.1017983,-123.0733000,41039002203,Lane County,Census Tract 22.03,22.03,659,4598,4583,15,0,15,1131,3467,3444.53,1868,1814,54,2.53,12,203,106,29,27,3525,314,382,9,2,8,0,103,100,160,123,331,194,61,346,4088,12,160,77,20,21,2778,180,219,9,2,0,0,59,54,95,0,0,0,0,0,0,15,3457298,40281,410,0.0868999007916,6784228.671875,12223.9378606534
213,213,41,039,002103,41039002103,21.03,Census Tract 21.03,G5020,S,2062442,0,+44.0770529,-123.0392979,41039002103,Lane County,Census Tract 21.03,21.03,656,4115,3988,127,116,11,860,3255,5167.56,1835,1750,85,2.28,50,78,95,29,13,2868,306,676,20,0,0,0,299,185,172,245,142,200,46,485,3508,40,63,70,19,8,2413,198,444,17,0,0,0,205,118,104,0,0,116,0,0,0,11,2062442,0,407,0.063874724884,3997073.171875,8309.76699160258
214,214,41,039,003103,41039003103,31.03,Census Tract 31.03,G5020,S,1489019,0,+44.0660714,-123.0619577,41039003103,Lane County,Census Tract 31.03,31.03,678,2708,2668,40,0,40,531,2177,4710.27,1151,1113,38,2.4,25,67,28,13,8,2136,216,215,5,5,1,0,70,56,78,126,149,79,36,172,2470,16,67,24,7,5,1769,133,156,1,5,1,0,47,42,60,0,0,0,0,0,0,40,1489019,0,429,0.0703662146545,2884704.1484375,8313.13345641081
215,215,41,039,002104,41039002104,21.04,Census Tract 21.04,G5020,S,1452635,0,+44.0665911,-123.0374413,41039002104,Lane County,Census Tract 21.04,21.04,657,2497,2490,7,0,7,501,1996,4452.05,1186,1134,52,2.2,30,30,48,42,8,1821,180,338,5,0,1,0,161,102,69,137,62,86,48,257,2169,25,24,33,29,8,1564,123,190,2,0,0,0,94,51,43,0,0,0,0,0,0,7,1452635,0,408,0.0596720106836,2814261.7109375,7349.33953309074
216,216,41,039,003802,41039003802,38.02,Census Tract 38.02,G5020,S,537427,0,+44.0469855,-123.0830772,41039003802,Lane County,Census Tract 38.02,38.02,689,4392,3652,740,0,740,200,4192,21166.09,2174,1907,267,1.92,14,461,122,20,28,2917,346,484,14,8,9,1,130,188,134,136,628,239,52,302,3558,14,453,117,20,28,2807,315,438,14,8,9,1,122,172,112,0,0,0,0,733,0,7,537427,0,440,0.0353920691928,1040503.1875,4671.56058015628
217,217,41,053,020202,41053020202,202.02,Census Tract 202.02,G5020,S,38452665,47716,+44.9232372,-123.2651370,41053020202,Polk County,Census Tract 202.02,202.02,1039,7477,7447,30,0,30,1480,5997,503.62,3223,3085,138,2.41,154,66,30,7,37,6133,453,597,10,2,0,0,179,202,204,422,147,98,37,490,6978,114,57,24,4,26,5094,315,363,6,2,0,0,126,108,121,0,0,0,0,0,0,30,38452665,47716,790,0.347505956382,76803477.71875,44151.746933893
218,218,41,053,020400,41053020400,204,Census Tract 204,G5020,S,1090628447,2057904,+44.8909959,-123.5621229,41053020400,Polk County,Census Tract 204,204,1046,6608,6608,0,0,0,1479,5129,15.69,2622,2445,177,2.7,658,35,25,6,39,4969,462,414,38,0,2,2,84,119,169,1023,75,68,39,375,5709,456,35,15,3,25,4020,319,256,21,0,2,2,65,70,96,0,0,0,0,0,0,0,1090628447,2057904,797,1.72015704413,2177166797.07813,221749.252319817
219,219,41,053,020204,41053020204,202.04,Census Tract 202.04,G5020,S,60942821,0,+44.8870326,-123.3367157,41053020204,Polk County,Census Tract 202.04,202.04,1041,5010,4988,22,0,22,1077,3933,212.92,1940,1865,75,2.67,92,42,8,7,33,4187,318,323,2,1,9,0,107,109,95,269,123,44,25,296,4704,71,36,7,7,24,3354,214,220,2,1,2,0,76,72,67,0,0,0,0,0,0,22,60942821,0,792,0.430854281153,121411525.351563,55090.6460147651
220,220,41,067,033000,41067033000,330,Census Tract 330,G5020,S,149949415,343133,+45.4478423,-123.0495848,41067033000,Washington County,Census Tract 330,330,1221,5759,5735,24,0,24,1151,4608,99.47,2183,2064,119,2.78,27,89,21,9,27,4586,326,674,29,2,5,0,288,132,218,230,169,65,29,595,5246,15,79,9,7,22,3791,235,450,16,2,5,0,198,77,152,0,0,0,0,0,0,24,149949415,343133,972,1.00603806664,305350782.023438,129899.261134764
221,221,41,067,033500,41067033500,335,Census Tract 335,G5020,S,256060194,85399,+45.6795040,-123.2959113,41067033500,Washington County,Census Tract 335,335,1229,4011,4011,0,0,0,964,3047,40.57,1445,1373,72,2.92,20,71,10,8,12,3242,299,349,24,0,2,4,102,71,146,193,185,58,45,271,3747,15,56,10,8,9,2553,178,218,10,0,1,0,81,37,89,0,0,0,0,0,0,0,256060194,85399,980,1.10233465987,524655117.554688,138452.440743544
222,222,41,067,031806,41067031806,318.06,Census Tract 318.06,G5020,S,2503906,0,+45.4751519,-122.8431205,41067031806,Washington County,Census Tract 318.06,318.06,1162,5748,5719,29,0,29,1337,4411,5945.61,2088,2050,38,2.79,21,578,165,18,28,3586,437,915,29,2,7,0,395,229,253,152,819,270,53,729,4458,19,457,107,13,24,2973,250,568,18,2,4,0,250,141,153,0,0,0,0,0,0,29,2503906,0,913,0.0954077670241,5091756.8125,12377.1501290659
223,223,41,067,031404,41067031404,314.04,Census Tract 314.04,G5020,S,2423296,0,+45.5071984,-122.8087649,41067031404,Washington County,Census Tract 314.04,314.04,1128,5450,5434,16,0,16,1028,4422,5824.89,2401,2319,82,2.34,26,369,149,8,6,3603,370,919,40,5,15,0,368,154,337,192,536,234,35,772,4424,26,323,114,8,6,3047,251,647,28,5,15,0,276,104,219,0,0,0,0,0,0,16,2423296,0,879,0.090434359545,4933403.3046875,11613.2453045568
224,224,41,067,032404,41067032404,324.04,Census Tract 324.04,G5020,S,3706474,0,+45.5172168,-122.9439382,41067032404,Washington County,Census Tract 324.04,324.04,1197,7561,7515,46,7,39,1674,5887,5283.43,2639,2561,78,2.93,39,438,91,48,43,4729,476,1697,45,3,7,0,946,297,399,293,620,195,100,1427,5855,38,375,66,29,36,3908,311,1124,31,0,7,0,637,186,263,0,0,7,0,0,0,39,3706474,0,948,0.0927088937761,7548409.0703125,12305.9894382474
225,225,41,067,033600,41067033600,336,Census Tract 336,G5020,S,388946091,5107818,+45.5029425,-123.2935131,41067033600,Washington County,Census Tract 336,336,1230,2359,2359,0,0,0,456,1903,15.71,913,857,56,2.75,17,48,6,0,4,1913,187,184,6,0,0,0,38,59,81,75,76,18,17,220,2231,12,42,6,0,4,1593,137,109,1,0,0,0,32,27,49,0,0,0,0,0,0,0,388946091,5107818,981,1.21595759346,802458001.25,153887.607272632
226,226,41,051,005903,41051005903,59.03,Census Tract 59.03,G5020,S,1371265,410309,+45.4783138,-122.6731470,41051005903,Multnomah County,Census Tract 59.03,59.03,938,3278,3278,0,0,0,275,3003,6191.35,2014,1822,192,1.8,15,173,56,9,26,2514,237,248,4,0,4,0,44,72,124,73,267,99,32,248,2936,10,164,51,9,26,2337,187,219,3,0,4,0,40,62,110,0,0,0,0,0,0,0,1371265,410309,689,0.0766721085343,3623321.453125,11162.4701881367
227,227,41,051,010413,41051010413,104.13,Census Tract 104.13,G5020,S,1625466,0,+45.4870025,-122.3874402,41051010413,Multnomah County,Census Tract 104.13,104.13,1027,5227,5213,14,0,14,1268,3959,8328.61,1967,1907,60,2.73,28,198,137,14,26,3657,367,800,55,3,10,1,365,151,215,231,314,259,61,619,4364,23,155,94,10,17,2885,263,512,30,3,6,0,247,91,135,0,0,0,0,0,0,14,1625466,0,778,0.0769402187269,3306814.28125,9336.63076692418
228,228,41,051,007002,41051007002,70.02,Census Tract 70.02,G5020,S,31743455,3411,+45.5639624,-122.7907714,41051007002,Multnomah County,Census Tract 70.02,70.02,957,2857,2849,8,0,8,590,2267,233.11,1144,1078,66,2.64,11,271,24,4,31,2181,181,154,0,0,0,0,38,23,93,51,367,59,17,200,2453,8,224,21,4,21,1781,109,99,0,0,0,0,29,10,60,0,0,0,0,0,0,8,31743455,3411,708,0.545751572973,64756861.4765625,70319.7829683085
229,229,41,051,008903,41051008903,89.03,Census Tract 89.03,G5020,S,6170065,27465,+45.4699851,-122.5058678,41051008903,Multnomah County,Census Tract 89.03,89.03,982,5024,5007,17,0,17,1177,3847,2108.91,1657,1590,67,3.15,16,1084,155,19,22,2997,237,494,18,0,5,2,202,80,187,113,1188,212,38,454,3480,11,849,116,7,18,2393,129,324,11,0,2,0,134,55,122,0,0,0,0,0,0,17,6170065,27465,733,0.154192679908,12600619.1015625,19172.8670520908
230,230,41,051,008203,41051008203,82.03,Census Tract 82.03,G5020,S,1705815,0,+45.5176402,-122.5470539,41051008203,Multnomah County,Census Tract 82.03,82.03,972,5608,5428,180,39,141,971,4637,8514.79,2507,2384,123,2.28,47,452,453,21,33,3493,374,735,32,3,31,1,291,187,190,213,564,650,53,556,4207,26,384,341,21,28,3043,264,530,23,3,25,0,227,126,126,0,0,39,0,0,0,141,1705815,0,723,0.0593118601925,3474023.2578125,7538.2174602349
231,231,41,051,005901,41051005901,59.01,Census Tract 59.01,G5020,S,786583,0,+45.4913378,-122.6777144,41051005901,Multnomah County,Census Tract 59.01,59.01,936,2221,2221,0,0,0,216,2005,7313.1,1290,1213,77,1.83,13,126,70,10,19,1609,162,212,6,1,5,2,68,62,68,76,182,136,17,174,1889,13,119,54,9,10,1500,136,164,1,1,1,2,59,45,55,0,0,0,0,0,0,0,786583,0,687,0.0737326652058,1600442.7578125,10707.3521927245
232,232,41,051,004901,41051004901,49.01,Census Tract 49.01,G5020,S,314285,0,+45.5327370,-122.6958351,41051004901,Multnomah County,Census Tract 49.01,49.01,921,3074,2965,109,0,109,104,2970,25332.49,2393,2158,235,1.37,4,378,68,4,19,2164,185,252,9,0,3,2,51,85,102,63,465,125,14,201,2523,4,373,67,4,19,2109,163,231,9,0,3,0,50,76,93,0,0,0,0,81,0,28,314285,0,672,0.0317119823415,640409.125,4073.34815693625
233,233,41,051,005002,41051005002,50.02,Census Tract 50.02,G5020,S,394083,0,+45.5313974,-122.6894891,41051005002,Multnomah County,Census Tract 50.02,50.02,924,1365,1284,81,0,81,87,1278,8971.04,1195,886,309,1.45,13,112,30,3,7,946,110,144,3,0,4,0,33,50,54,42,168,64,8,113,1147,13,104,29,3,7,913,81,128,0,0,0,0,33,48,47,0,0,0,0,0,0,81,394083,0,675,0.043611697812,802975.9296875,6062.59669698484
234,234,41,051,008204,41051008204,82.04,Census Tract 82.04,G5020,S,667128,0,+45.5078584,-122.5428441,41051008204,Multnomah County,Census Tract 82.04,82.04,973,2604,2564,40,5,35,594,2010,10109.5,888,862,26,2.97,35,386,179,24,10,1142,92,736,22,1,5,0,432,105,171,95,438,218,31,608,1501,26,304,134,21,10,939,71,505,19,1,3,0,293,65,124,0,0,5,0,0,0,35,667128,0,724,0.0355761837742,1358194.609375,4664.23728377582
235,235,41,051,009204,41051009204,92.04,Census Tract 92.04,G5020,S,1209983,0,+45.5131460,-122.5339141,41051009204,Multnomah County,Census Tract 92.04,92.04,990,4763,4615,148,34,114,1182,3581,10195.28,1799,1719,80,2.68,71,634,588,81,32,2309,258,790,45,2,11,0,370,129,233,218,723,744,108,634,2873,62,480,402,47,23,1891,158,518,34,0,7,0,248,77,152,0,0,34,0,0,0,114,1209983,0,741,0.0524883851809,2463837.6953125,7597.82285727692
236,236,41,051,009203,41051009203,92.03,Census Tract 92.03,G5020,S,1463459,0,+45.5134101,-122.5255796,41051009203,Multnomah County,Census Tract 92.03,92.03,989,4044,3986,58,0,58,974,3070,7156.96,1447,1384,63,2.88,36,519,198,62,6,2085,255,883,21,7,9,0,509,126,211,164,624,322,89,723,2631,29,383,147,39,6,1702,170,594,17,0,8,0,367,72,130,0,0,0,0,0,0,58,1463459,0,740,0.0566455847487,2980002.34375,8056.03877214088
237,237,41,051,007001,41051007001,70.01,Census Tract 70.01,G5020,S,3486234,10113,+45.5409437,-122.7703161,41051007001,Multnomah County,Census Tract 70.01,70.01,956,5521,5521,0,0,0,1414,4107,4101.65,2194,2078,116,2.66,1,1173,67,7,33,3530,406,304,0,2,2,0,29,72,199,61,1430,162,22,297,4188,1,878,64,6,23,2744,191,200,0,1,2,0,21,50,126,0,0,0,0,0,0,0,3486234,10113,707,0.10246349146,7126336.5078125,13234.6607733297
238,238,41,051,003903,41051003903,39.03,Census Tract 39.03,G5020,S,1309075,0,+45.5852487,-122.7091659,41051003903,Multnomah County,Census Tract 39.03,39.03,907,3409,3371,38,9,29,706,2703,6744.66,1384,1313,71,2.57,35,104,486,48,12,1850,274,600,31,10,17,1,254,99,188,195,189,606,76,485,2369,29,90,363,29,9,1595,176,412,21,5,9,0,176,73,128,0,9,0,0,0,0,29,1309075,0,658,0.0582405578656,2672410,7880.82030822072
239,239,41,051,005101,41051005101,51.01,Census Tract 51.01,G5020,S,317825,162443,+45.5332600,-122.6794774,41051005101,Multnomah County,Census Tract 51.01,51.01,925,4433,4380,53,0,53,548,3885,36124.96,3043,2698,345,1.62,43,374,243,6,24,3010,336,397,19,8,28,1,69,96,176,176,520,415,16,286,3583,26,339,173,4,23,2785,229,306,8,4,13,1,69,72,139,0,0,0,0,0,0,53,317825,162443,676,0.0324467001718,978645.4609375,4186.36614055584
240,240,41,051,008904,41051008904,89.04,Census Tract 89.04,G5020,S,3513187,26391,+45.4710919,-122.5334596,41051008904,Multnomah County,Census Tract 89.04,89.04,983,5006,4782,224,79,145,1177,3829,3690.52,1658,1576,82,3.03,48,511,407,39,21,3086,298,596,10,12,9,0,245,108,212,198,629,520,67,488,3662,34,411,225,34,18,2564,178,365,2,6,6,0,159,58,134,0,0,75,4,0,0,145,3513187,26391,734,0.0955394984362,7196682.3515625,12395.3125380716
241,241,41,051,000201,41051000201,2.01,Census Tract 2.01,G5020,S,1188276,22643,+45.4675193,-122.6425826,41051000201,Multnomah County,Census Tract 2.01,2.01,837,3461,3461,0,0,0,633,2828,7543.66,1703,1630,73,2.12,18,146,40,8,31,2726,260,232,8,0,0,0,39,81,104,98,272,93,27,198,3163,16,136,32,8,26,2266,176,168,3,0,0,0,38,53,74,0,0,0,0,0,0,0,1188276,22643,588,0.051434673541,2461709.7578125,7159.64749317195
242,242,41,051,004104,41051004104,41.04,Census Tract 41.04,G5020,S,3920352,559059,+45.6063478,-122.7766300,41051004104,Multnomah County,Census Tract 41.04,41.04,913,3080,3074,6,0,6,791,2289,2034.81,1266,1214,52,2.53,23,56,298,16,5,1507,242,933,62,0,19,3,564,113,172,181,100,424,46,764,2012,18,56,207,15,3,1268,154,568,54,0,6,0,342,73,93,0,0,0,0,0,0,6,3920352,559059,664,0.106254371521,9151425.359375,13765.408459349
243,243,41,051,009002,41051009002,90.02,Census Tract 90.02,G5020,S,1144838,0,+45.4993597,-122.5307665,41051009002,Multnomah County,Census Tract 90.02,90.02,985,5121,5021,100,0,100,1345,3776,11585.33,1830,1757,73,2.86,50,889,532,105,20,2145,295,1085,40,4,17,5,608,210,201,213,985,727,129,837,2782,35,677,355,79,15,1779,159,677,35,0,10,0,391,122,119,0,0,0,0,0,0,100,1144838,0,736,0.0490519648951,2330048.671875,6461.37814030722
